4368 5222
439 485 491 567 32'

523 693 645 768 Debet
676 701 783 773 otiam
817 707 965 800 quisque
994 699 1226 774 Christianus
1255 697 1439 802 discere¹)
1479 700 1588 776 Peter
1620 693 1743 778 noster
1776 716 1816 774 et
1849 706 1969 778 Credo

393 822 432 891 in
455 822 596 915 Deum,
626 834 709 922 quia
732 857 799 926 per
826 838 930 907 Peter
960 846 1083 906 noster
1110 835 1218 906 debet
1248 839 1355 907 deum
1389 859 1512 927 orare,
1559 850 1598 909 et
1622 860 1688 928 per
1713 841 1831 908 Credo
1844 831 1966 908 *fidem

298 1067 304 1074 ἱ
393 973 496 1023 suem
529 965 726 1035 ostendere:
818 969 979 1038 Christus
1013 972 1091 1060 ipse
1118 971 1218 1060 prius
1251 969 1359 1038 Peter
1393 981 1518 1040 noster
1550 973 1723 1058 cantavit,
1768 982 1805 1040 et
1844 979 1970 1060 postea

394 1084 585 1177 discipulos
617 1117 701 1166 suos
732 1101 870 1192 docuit3
922 1123 988 1191 per
1026 1101 1135 1170 Peter
1176 1079 1298 1170 noster
1334 1103 1432 1170 enim
1470 1095 1590 1190 'potest
1629 1105 1779 1195 quisque
1814 1107 1970 1191 'prome-2

394 1221 469 1288 reri
481 1215 514 1308 2)
541 1246 665 1316 omne,
689 1235 786 1322 quod
809 1235 1051 1303 neceesarium
1077 1241 1133 1302 est
1156 1235 1194 1302 in
1220 1233 1289 1301 hoc
1318 1231 1449 1302 seculo
1471 1242 1509 1300 et
1532 1235 1570 1301 in
1597 1231 1735 1303 futuro.
1785 1233 1856 1302 Sed
1877 1241 1971 1324 quo-1

395 1351 504 1421 modo
529 1365 649 1444 potest
662 1360 695 1458 ³)
721 1363 847 1458 aliquis
871 1367 1000 1434 intimo
1026 1367 1135 1434 corde
1158 1365 1278 1460 Deum
1301 1384 1446 1456 rogere,
1480 1365 1549 1434 nisi
1573 1363 1705 1434 habent
1724 1374 1860 1433 rectem
1887 1383 1970 1431 cre-

395 1480 608 1556 dulitatem?
635 1505 777 1583 oportet
802 1520 905 1589 ergo,
927 1507 969 1567 nt
991 1507 1074 1588 post
1095 1497 1204 1567 Pater
1228 1495 1351 1566 noster
1375 1493 1535 1589 discate)
1559 1495 1677 1564 Credo
1696 1497 1734 1564 iu
1756 1495 1899 1575 Deum,
1925 1504 1969 1560 ut

397 1619 560 1688 ostendet
581 1643 620 1690 se
637 1624 770 1696 Christi
796 1629 904 1698 fidem
926 1628 1079 1719 hebere3
1102 1639 1138 1698 et
1160 1652 1244 1700 vere
1273 1631 1363 1717 dico,
1378 1623 1409 1718 ⁵)
1436 1650 1510 1695 non
1537 1637 1591 1694 est
1616 1624 1795 1716 perfectus
1808 1621 1842 1716 ⁶)
1860 1623 1971 1691 Chri-

396 1750 550 1840 stianus,
575 1777 641 1822 nec
667 1768 721 1825 est
746 1761 874 1848 dignus
900 1781 1028 1846 corpus
1052 1767 1090 1823 et
1112 1761 1320 1847 sanguinem
1344 1759 1492 1824 Domini
1519 1760 1702 1844 accipere,
1727 1780 1793 1826 nec
1816 1755 1970 1845 aliquem

396 1879 442 1945 de
466 1879 643 1970 baptismo
664 1885 803 1975 levare,
840 1911 907 1956 neo
933 1889 981 1955 ad
1004 1885 1290 1954 confirmandum
1314 1895 1397 1954 ente
1423 1887 1631 1975 episcopum
1657 1885 1812 1977 aliquem
1837 1897 1971 1970 tenere,

397 2017 435 2076 et
457 2031 540 2079 vere
560 2035 636 2082 non
662 2026 717 2082 est
740 2019 885 2112 dignus,
940 2027 982 2085 ut
1006 2037 1135 2108 corpus
1156 2017 1233 2110 ejus
1255 2017 1350 2087 inter
1378 1999 1529 2108 corpore
1554 2014 1839 2088 Christianorum
1861 2036 1970 2105 sepe:

398 2138 522 2238 liatur,
551 2146 612 2235 qui
626 2147 657 2236 ⁷)
681 2149 751 2219 iste
774 2150 846 2220 duo
869 2151 1021 2243 ignorat.
1034 2148 1068 2243 8)

533 2661 612 2749 (23.)
657 2667 701 2734 Et
729 2669 900 2756 dqcemus,
946 2685 981 2734 ut
999 2693 1017 2733 e
1039 2670 1170 2736 summis
1200 2669 1387 2734 criminibus
1412 2691 1574 2735 caveamus
1594 2668 1668 2734 totis
1688 2665 1810 2733 viribus
1832 2664 1865 2728 in
1883 2661 1971 2730 omui

401 2779 566 2852 tempore,
603 2772 711 2858 etqui
734 2768 875 2861 impulsu
898 2767 1026 2856 diaboli,
1040 2773 1114 2852 ine)
1148 2787 1315 2860 peccatum
1334 2770 1465 2855 incidit,
1504 2773 1695 2862 propensius
1720 2765 1867 2834 emendet
1892 2789 1972 2841 cons

399 2859 473 2928 silio
496 2870 678 2956 penitencie
699 2895 773 2950 sue3
1266 2891 1270 2900 ·

534 2969 614 3060 (24.)
656 2972 698 3038 Et
717 2973 758 3036 ab
776 2971 949 3039 immundis
969 2972 1091 3058 gaudiis
1116 2991 1149 3039 et
1171 2975 1290 3058 injusto
1312 2975 1483 3041 concubitu
1506 2993 1538 3040 et
1548 2981 1591 3056 ιο)
1615 2972 1769 3041 adulterio
1788 2988 1903 3040 cevent.

535 3175 614 3267 (25.)
661 3181 704 3246 Et
727 3203 837 3248 omnes
855 3183 917 3246 Dei
938 3182 1088 3248 timorem
1107 3198 1139 3246 et
1157 3203 1301 3248 amorem
1321 3181 1357 3244 in
1376 3196 1482 3244 mente
1502 3179 1656 3261 habeant,
1675 3177 1787 3244 diebus
1808 3202 1844 3244 ac
1864 3177 1972 3242 nocti-

402 3279 460 3344 bus
479 3304 497 3342 a
516 3283 654 3370 peccatis
675 3281 814 3368 fugient,
838 3285 925 3352 diem
944 3283 1055 3369 judicii
1078 3301 1217 3352 metuent
1236 3301 1267 3350 et
1287 3283 1406 3349 inferni
1429 3283 1604 3364 cruciatus,
1627 3285 1655 3344 ἅ
1676 3303 1803 3370 semper
1824 3275 1973 3344 ultimum

403 3385 467 3448 vite
488 3407 544 3449 sue
564 3388 738 3452 terminum
759 3389 902 3472 cogitent
924 3387 1098 3458 advenisse.

536 3493 612 3572 (26.)
658 3490 815 3580 Episcopi
842 3493 960 3574 simu)
999 3515 1156 3582 precones
1184 3494 1221 3556 dc⁴
1242 3489 1389 3557 doctores
1418 3487 1497 3572 legis
1527 3487 1610 3569 Dei,
1652 3486 1708 3576 qui
1739 3483 1973 3577 predicationi-

404 3589 463 3654 bus
495 3592 523 3651 &
555 3589 708 3680 exemplis
737 3594 801 3656 Dei
820 3592 938 3659 debent
957 3596 1098 3662 misteria
1118 3591 1298 3669 declarare,
1339 3610 1430 3660 curet
1449 3593 1506 3682 qui
1527 3588 1617 3658 velit.
1671 3589 1757 3678 Quia
1779 3609 1974 3680 supervacue

404 3707 512 3780 pastor
533 3705 597 3772 est,
619 3695 676 3781 qui
698 3697 868 3763 commisso
887 3697 949 3762 sibi
972 3699 1061 3780 gregi
1084 3721 1152 3764 non
1173 3694 1243 3764 vult
1265 3693 1376 3760 saltem
1395 3697 1533 3762 clamore
1558 3715 1764 3774 succurrere,
1794 3693 1822 3754 si
1845 3691 1924 3781 quid
1942 3691 1973 3754 ei

346 3807 349 3814 ’
404 3811 528 3862 noceat.
590 3795 667 3862 Non
686 3813 733 3862 est
753 3794 868 3886 uliquis
890 3815 956 3865 tem
974 3822 1094 3868 nocens
1112 3799 1327 3881 adversarius,
1369 3801 1652 3882 dorsacensium,
1679 3794 1972 3878 ,humanigeneris

442 4122 470 4187 r)
505 4120 598 4174 dicere
615 4119 652 4175 li.
846 4119 882 4191 ι)
915 4123 1018 4175 mereri
1033 4119 1071 4177 tt.
1265 4120 1297 4190 ὅ)
1330 4124 1436 4191 poterit
1451 4121 1488 4176 H·
1682 4118 1711 4182 t>
1746 4115 1819 4170 dicet
1835 4113 1872 4169 Η.

440 4223 469 4287 5)
504 4221 540 4274 Η.
557 4223 622 4276 odd.
640 4220 730 4274 robis.
924 4221 958 4288 6)
991 4221 1115 4293 perfecte
1132 4220 1170 4276 H·
1365 4219 1396 4292 7)
1430 4225 1498 4290 md·
1514 4219 1555 4273 H·-

440 4325 470 4388 8)
505 4329 543 4380 Iu
560 4335 638 4378 tectu
654 4326 895 4398 Angla-Saxonico
912 4335 1033 4400 quatuor
1056 4325 1148 4378 adbuc
1172 4323 1324 4378 inserimus
1347 4325 1459 4392 capita,
1501 4337 1563 4393 quo
1581 4321 1668 4376 versio
1686 4329 1783 4376 nostro
1803 4337 1838 4373 oo
1855 4317 1917 4372 cod.
1934 4318 1973 4374 Β.

537 4429 688 4500 ignom,-
705 4429 832 4485 addimus
847 4433 943 4503 itaque
960 4427 1109 4484 versionem
1127 4443 1142 4478 s
1160 4426 1222 4480 esd.
1239 4427 1278 4481 D.
1296 4433 1325 4480 ut
1344 4423 1473 4477 monuo
1491 4423 1665 4494 tarnatensi,
1704 4441 1768 4496 qua
1784 4439 1803 4476 a
1821 4429 1900 4474 tenu
1914 4420 1975 4474 Ae.

536 4547 640 4603 parm
663 4531 811 4604 discrepat.
962 4529 994 4603 9)
1025 4523 1089 4587 Bes.
1107 4527 1171 4582 odd
1189 4531 1223 4584 ἱι
1381 4523 1425 4594 ιο)
1459 4523 1507 4578 vei
1525 4519 1556 4578 S.
1713 4523 1761 4592 u)
1791 4533 1859 4580 runt
1874 4517 1940 4580 RS.
