4344 5220
431 487 480 570 96

379 703 440 759 tur
467 688 512 756 ab
535 691 653 759 avaris
670 685 703 784 ¹)
731 685 927 776 aequorei,
977 677 1114 776 ec2)ei
1138 684 1323 754 scientiam
1348 683 1556 754 haberent.'
1587 684 1657 754 Sed
1683 639 1752 774 ego
1775 683 1846 754 hoo
1872 697 1955 756 om'-

286 877 291 898 .
381 821 486 894 niblo
511 825 627 892 modis
652 821 845 906 interdico,
859 817 892 910 ³)
925 825 962 884 et
986 813 1099 885 multa
1125 815 1213 905 alia,
1253 813 1331 908 quoe
1356 819 1437 888 Deo
1464 820 1641 890 contrena
1655 817 1692 912 ⁴)
1717 831 1808 888 eunt.

855 982 914 1054 78·
941 969 1030 1070 (75·)
1089 975 1150 1044 De
1164 975 1196 1072 ⁵)
1215 973 1479 1064 formidolosa.

513 1117 673 1226 Siquis,
717 1114 847 1180 timore
873 1108 1102 1198 perterritus,
1139 1131 1160 1174 a
1185 1109 1330 1180 domino
1362 1131 1428 1179 euo
1462 1123 1525 1180 aut
1549 1137 1572 1180 a
1594 1113 1699 1180 sociis
1720 1115 1793 1179 suis
1818 1109 1951 1200 fugerit

381 1252 425 1325 de
457 1246 570 1338 bello,
601 1247 676 1317 eive
706 1243 746 1313 in
769 1252 887 1325 terra,
924 1243 999 1312 aive
1023 1240 1062 1306 in
1085 1242 1198 1329 mari,
1212 1240 1249 1336 ⁶)
1280 1253 1399 1312 careat
1423 1248 1584 1314 omnium
1607 1245 1787 1313 bonorum
1810 1263 1957 1310 auorum

265 1356 270 1368 ⁶
380 1401 462 1454 cum
488 1383 582 1488 vlia,
607 1387 644 1449 et
667 1373 831 1446 dominus
859 1397 945 1444 suus
970 1372 1121 1465 adcipiat
1134 1379 1167 1465 ⁷)
1194 1377 1331 1464 omnia,
1380 1358 1459 1469 quae
1483 1376 1579 1446 illius
1606 1385 1708 1464 sunt,
1757 1383 1794 1442 et
1812 1384 1957 1461 ten-am,

380 1521 409 1586 si
440 1537 546 1610 quam
575 1513 609 1582 el
633 1521 738 1582 antea
764 1509 938 1600 dedisset3
971 1487 1149 1577 aientem
1174 1505 1327 1578 haberet
1350 1507 1535 1598 allodium,
1551 1508 1585 1604 ⁸)
1611 1511 1658 1579 sit
1681 1509 1784 1598 regio.

619 1669 622 1674 ’
707 1678 768 1759 79.
794 1666 881 1764 (75.)
932 1670 995 1739 De
1008 1665 1042 1762 ⁹)
1069 1690 1164 1738 coeeo
1185 1689 1261 1761 pro
1288 1669 1435 1738 domino
1459 1669 1498 1738 in
1524 1665 1630 1737 bell.

512 1809 551 1876 si
583 1798 660 1900 quis
695 1824 781 1876 vero
808 1799 978 1870 ceciderit
1002 1811 1086 1869 aute
1112 1803 1297 1878 dominum
1324 1825 1429 1870 auum
1454 1803 1492 1870 in
1515 1797 1644 1882 bell0,'
1683 1801 1758 1870 eive
1780 1800 1818 1867 in
1842 1797 1957 1888 pauiu

377 1945 451 2014 sive
481 1951 583 2010 extra
613 1936 785 2024 patriam,
833 1931 992 2032 redditus
1008 1931 1065 2023 ¹⁰)
1098 1930 1234 2000 domini
1271 1935 1343 2018 sui,
1361 1933 1418 2026 Η)
1446 1931 1597 2000 ¹scilicet
1628 1929 1820 2024 derogent,
1869 1953 1957 2018 per-

379 2079 532 2146 donetur
556 2068 663 2136 uxori
689 2065 784 2153 ejus,
812 2060 870 2130 vel
893 2056 1118 2152 haeredibue'3
1149 2061 1311 2132 haeredes
1332 2073 1455 2132 autem
1471 2063 1529 2160 ¹12)
1554 2061 1712 2132 habeant
1736 2064 1856 2132 omnia
1880 2062 1955 2151 ejus

379 2233 461 2282 cum
485 2204 609 2291 terris,
624 2193 682 2292 ¹³)
715 2201 753 2262 et
775 2193 870 2290 juste
895 2191 1063 2263 dividant.
1143 2207 1148 2216 ·

785 2361 846 2431 80.
875 2345 964 2441 (76.)
1014 2345 1075 2422 De
1090 2350 1146 2445 14)
1186 2350 1404 2438 defensione
1429 2363 1549 2418 terroe.

510 2491 681 2582 Quisquis
705 2497 840 2557 terram
868 2506 969 2553 suam
984 2494 999 2604 ²·
1010 2481 1041 2578 ⁵)
1063 2485 1156 2574 juste
1172 2471 1380 2554 defenderit
1404 2491 1494 2554 teste
1510 2485 1711 2573 comitatu‚¹
1722 2477 1757 2574 ⁶)
1773 2453 1952 2572 possideat

385 2756 612 2784 anun-..⁸¹-

413 2943 438 3000 1)
473 2925 682 2992 rachinburglia
702 2923 770 2978 D.B.

411 3039 443 3109 a)
477 3052 511 3089 ao
529 3038 555 3085 ei
571 3030 717 3083 seleutiam
733 3021 870 3075 habereut
891 3035 924 3071 o:
950 3039 984 3074 ao
1000 3023 1026 3074 ai
1043 3023 1137 3075 delicti
1155 3021 1255 3074 conscii
1273 3031 1370 3073 essent.
1473 3027 1478 3034 '

411 3145 439 3206 5)
473 3134 543 3192 D.B.
561 3133 674 3185 addin
692 3137 835 3180 eternum.
870 3125 906 3180 A.
928 3125 992 3176 odd.
1011 3128 1210 3193 inposterum.

410 3247 439 3312 l)
475 3240 572 3294 odioaa
588 3231 621 3284 Β.

411 3348 440 3413 5)
475 3341 550 3396 HJJ.
568 3355 619 3390 om.
635 3332 847 3401 inscriptionem.

411 3447 440 3512 6)
477 3437 602 3510 aquali.

411 3549 439 3615 7)
474 3553 572 3594 manue
591 3541 682 3588 mittat
699 3535 861 3598 adtentum,
879 3547 962 3600 quam
983 3530 1031 3587 &a
1047 3530 1079 3587 B.

410 3649 439 3714 8)
474 3653 578 3695 terram
594 3635 797 3688 hereditariam
814 3633 848 3686 Β.

410 3747 440 3817 9)
475 3741 551 3794 HJ).
570 3757 620 3790 om.
638 3737 851 3804 inscriptionem.
1168 3799 1172 3806 ἱ

397 3853 440 3910 10)
474 3844 609 3897 relevatio
621 3839 659 3892 D.
677 3837 864 3890 relevationes
879 3839 936 3888 aiut
953 3837 1123 3904 condonate,
1141 3851 1170 3893 et
1189 3839 1312 3896 herede·
1329 3839 1451 3896 habeant
1468 3843 1518 3899 &a
1534 3841 1568 3900 Β.

392 3947 440 4020 11)
475 3959 560 4014 quem
577 3958 662 4011 supra
677 3941 884 3992 nominavimus
901 3938 1011 4011 deteget
1027 3939 1064 3992 Η.

393 4361 437 4425 15)
474 4353 669 4421 adquiemam
686 4345 788 4400 habult
803 4363 897 4416 carre,
923 4351 944 4402 l.
962 4363 987 4407 e.
1003 4352 1168 4419 comitatus,
1193 4351 1371 4415 testimonio,
1397 4345 1499 4404 habeat
1515 4353 1577 4406 alae
1594 4355 1710 4422 querela
1728 4361 1761 4413 ln
1776 4359 1823 4416 die
1840 4373 1869 4417 et
1886 4379 1949 4433 poet

504 4455 581 4510 diem
596 4452 632 4512 ad
650 4448 770 4510 dandum
788 4453 832 4515 ei,
858 4465 942 4518 quem
959 4451 1023 4523 plue
1041 4451 1150 4505 amabat
1167 4449 1237 4506 ΠΒ.
1557 4451 1562 4459 ’

393 4563 435 4626 16)
469 4557 507 4618 A.
525 4559 590 4614 odd.
608 4565 637 4611 et
653 4557 706 4625 qul
723 4569 784 4608 eam
801 4555 881 4623 prlue
897 4553 1037 4624 poeoedlt,
1053 4553 1127 4608 nolit
1143 4553 1287 4625 (wilkins
1305 4553 1398 4610 maie.-
1417 4557 1501 4630 τοΙὶι)
1518 4568 1644 4614 autnon
1660 4566 1761 4629 pouit.
