4344 5220
426 491 478 568 aa·

377 705 460 763 tuor
475 691 508 788 ¹.)
536 699 673 767 idoneis
703 699 874 788 testibus3
921 721 990 772 nec
1013 697 1110 770 inira
1141 698 1296 790 burgum
1310 693 1344 789 2)
1375 719 1442 766 nec
1473 705 1589 767 extra.
1643 697 1712 768 ‘Et
1736 681 1865 769 sinon
1889 699 1946 770 tot

375 849 442 896 uec
466 827 555 896 tales
578 839 693 898 testes·
709 831 893 920 habuerit,
925 844 963 901 et
986 831 1120 922 aliquid
1145 830 1217 899 tale
1242 832 1280 897 in
1302 851 1411 898 mauu
1437 827 1494 900 vel
1517 832 1556 898 in
1576 839 1754 919 potestate
1780 833 1857 922 ejus
1880 834 1942 900 in-

376 967 519 1044 ventam
549 959 675 1050 fuerit,
716 973 754 1033 et
768 961 799 1056 3)
821 968 898 1054 ipae
922 959 1182 1054 uuarantem⁴)
1214 961 1367 1032 voluerit
1392 970 1535 1050 vocare3
1581 985 1655 1030 non
1679 965 1712 1030 ei
1734 961 1849 1034 valcat
1873 985 1944 1031 ue·-

377 1109 445 1178 que
476 1088 599 1180 Hceat,
648 1097 712 1162 sed
741 1095 912 1164 reddatur
943 1094 1217 1184 calumpnianti,
1235 1088 1266 1184 ⁵)
1314 1093 1409 1184 quod
1421 1089 1455 1184 ⁶)
1480 1116 1584 1162 suurn
1608 1102 1680 1182 est,
1730 1093 1944 1182 antuniana,

375 1230 413 1288 et
434 1223 581 1313 insuper
603 1226 734 1294 iterum
760 1234 900 1295 tantum
924 1225 1064 1314 valens,
1115 1236 1153 1294 et
1182 1223 1467 1313 forisfacturam,
1516 1220 1624 1314 quit)
1653 1247 1733 1294 eam
1757 1227 1851 1316 just'e
1876 1226 1949 1295 ha·

372 1349 458 1421 bere
481 1354 599 1425 debet.
652 1357 761 1445 Quod
783 1360 813 1426 si
836 1357 924 1426 talea
944 1368 1054 1428 testes
1077 1357 1261 1454 habuerit,
1298 1355 1419 1448 quales
1445 1376 1554 1444 supra
1577 1354 1748 1442 diximus,
1783 1380 1945 1429 uuaran-

372 1491 445 1552 tem
461 1480 493 1576 ⁸)
517 1498 639 1577 vocet,
691 1488 811 1558 atille
836 1499 1001 1578 vocatus,
1049 1501 1153 1561 vocet
1174 1487 1304 1574 alium,
1351 1489 1383 1555 si
1406 1494 1541 1577 potest,
1568 1494 1605 1554 et
1630 1487 1755 1555 tertius
1768 1483 1801 1578 ⁹)
1826 1488 1943 1558 adhuc

372 1618 517 1684 tertium
538 1630 658 1707 vocet,
690 1624 720 1689 si
745 1615 887 1711 potest,¹
911 1631 949 1689 et
970 1624 1096 1691 tertius
1122 1618 1376 1706 suum'faciet‚
1402 1620 1433 1686 si
1459 1615 1555 1687 valet
1563 1641 1574 1708 3
1609 1619 1705 1708 quod
1728 1619 1758 1686 ai
1780 1643 1853 1688 non
1875 1643 1939 1690 va-

274 1819 280 1828 ,
369 1743 437 1833 let,
460 1749 634 1820 reddatur
659 1755 708 1838 ei,
734 1755 855 1843 quod‘
864 1750 898 1843 ⁰)
923 1754 1016 1842 juste
1039 1752 1172 1818 habere
1197 1749 1312 1815 debet.
1356 1747 1469 1814 Nobis
1495 1757 1617 1816 tamen
1642 1750 1814 1838 injustum
1839 1751 1941 1820 vide-

372 1883 451 1958 tur,
488 1881 583 1968 quod
609 1881 733 1990 aliquis
763 1879 963 1972 debeat¹¹)
994 1881 1062 1948 sibi
1090 1879 1315 1969 jurando¹²)
1337 1877 1546 1962 vendicare,
1586 1879 1681 1966 quod
1710 1880 1804 1966 juste
1835 1891 1941 1954 suunt

270 2039 275 2048 ·
373 2014 448 2092 est,
474 2005 546 2076 'ubi
580 2020 688 2078 testes
716 2021 822 2099 sunt,
871 2021 909 2079 et
941 2006 1138 2100 saltem¹³)
1163 2017 1247 2078 ante
1272 2029 1337 2076 sex
1360 2025 1519 2094 menses,
1556 2015 1747 2097 postquam
1770 2008 1941 2104 furto¹⁴)

372 2134 530 2208 ablatum
556 2151 629 2223 est,
671 2144 767 2234 quod
795 2147 922 2234 querit.
1887 2129 1889 2136 ‚

684 2284 743 2356 25.
770 2272 858 2367 (23.)
907 2268 1040 2362 ΒΝ)
1066 2292 1129 2353 eo,
1174 2271 1237 2364 qui
1262 2269 1496 2340 hundredum
1513 2266 1633 2361 fugit.
1679 2237 1684 2248 Ι

504 2401 577 2490 Qui
598 2403 763 2499 saepe¹⁶)
797 2405 1056 2495 calumpniatus
1082 2413 1138 2471 est
1162 2405 1207 2472 de
1232 2403 1347 2489 furto,
1401 2412 1438 2470 et
1468 2401 1765 2497 hundredum¹⁷)
1797 2424 1943 2483 vocatus

373 2541 429 2600 ter
451 2533 622 2624 declinet,
645 2539 875 2610 inveniantur
900 2537 945 2605 de
970 2536 1168 2624 hundredo,
1190 2536 1251 2627 qui
1275 2555 1359 2602 eum
1386 2533 1536 2614 adeant,
1559 2543 1596 2600 et
1620 2535 1794 2626 inveniat,
1815 2543 1846 2610 si
1870 2565 1942 2633 po-

373 2659 461 2752 test,
481 2665 611 2736 ‚adhuc
633 2669 779 2760 plegios.
798 2653 854 2760 Η)
911 2667 1020 2755 ¹Quod
1045 2669 1173 2736 sinon
1198 2667 1374 2757 potuerit,
1410 2658 1545 2756 κῦμ’)
1572 2663 1745 2757 uoluerit,
1781 2675 1949 2762 capiatur·

377 2815 605 2840 ..fss———n

411 2905 437 2968 ι)
474 2905 605 2957 credibili
623 2906 784 2956 testimonio
802 2902 844 2954 tv
860 2903 1007 2956 homiuum
1024 2900 1094 2955 ΠΒ.
1112 2927 1150 2944 -
1165 2901 1201 2954 Η.
1219 2921 1270 2954 om.
1287 2913 1418 2970 quatuor.

407 2997 438 3064 η)
472 3003 615 3052 civitatem
633 2995 666 3049 Β.
684 3025 718 3037 -
735 2996 856 3064 burgum
876 3012 905 3048 o:
924 2999 1066 3066 oppidum,
1084 2997 1158 3048 urbe.

407 3091 438 3170 5)
472 3110 527 3145 non
547 3095 631 3147 hosat
648 3097 675 3144 ei
693 3093 846 3156 advocare,
864 3092 914 3146 aad
932 3092 1030 3144 reddat
1048 3094 1188 3160 repetenti
1206 3091 1312 3159 captate
1330 3107 1414 3145 suutn
1435 3102 1464 3144 et
1481 3091 1636 3145 secundum
1652 3092 1847 3164 (secundani)
1864 3098 1946 3162 solu-j

504 3193 609 3241 tionem
627 3197 655 3239 et
672 3183 877 3241 ioriaiacturarn
897 3187 945 3240 dte.
963 3185 997 3238 B.
1082 3225 1089 3240 .
1191 3184 1225 3254 4)
1266 3197 1431 3253 guarentem
1443 3184 1480 3238 Η.

408 3281 437 3346 5)
473 3284 682 3351 calumpniam,
700 3283 798 3334 actori.
946 3277 979 3348 6)
1018 3279 1136 3348 capitale
1153 3295 1237 3332 suunt
1253 3291 1281 3333 et
1298 3279 1420 3334 secunda
1438 3280 1544 3334 solutio
1561 3289 1590 3330 et
1606 3273 1785 3331 forisfactura
1803 3279 1853 3334 &a
1869 3283 1907 3338 D.

408 3376 439 3444 7)
473 3382 523 3442 qui
538 3393 568 3428 o:
586 3379 612 3429 ei
628 3379 675 3448 qui
689 3395 749 3428 eam
767 3375 817 3428 dte.

409 3469 438 3533 8)
474 3482 638 3534 guarentem
656 3470 692 3520 Η.
710 3481 778 3523 tuuc
796 3472 878 3523 liceat
896 3469 962 3522 iude
980 3480 1024 3525 ter
1040 3469 1173 3522 advocari
1193 3480 1222 3522 et
1239 3479 1337 3538 quarta
1355 3473 1417 3522 rice
1434 3463 1572 3536 probatur
1588 3476 1637 3518 aut
1653 3464 1786 3520 reddatur
1804 3471 1840 3534 ei,
1857 3449 1949 3540 cuius¹

506 3568 569 3616 erit.
588 3562 676 3613 Nobis
696 3563 744 3616 iac.
763 3563 795 3620 Β.

409 3659 438 3726 9)
475 3659 591 3707 tertium
611 3654 702 3706 adbuc
720 3662 819 3710 tertius
838 3669 920 3711 vocet
936 3657 973 3709 Η.
990 3684 1025 3697 -
1041 3661 1144 3710 Sensus
1158 3658 1259 3712 clarior
1272 3661 1417 3725 evaderet,
1442 3659 1469 3708 ai
1482 3657 1636 3728 legeretur:
1661 3653 1811 3710 sccundus.

393 3753 436 3818 ro)
473 3754 524 3818 qui
540 3748 576 3800 Η.
1731 3806 1738 3820 ·

394 3849 438 3912 tt)
476 3844 596 3914 probare
613 3852 729 3911 cogatur
747 3841 798 3894 ubi
814 3848 1007 3898 testimouium
1024 3857 1067 3898 ast
1084 3855 1112 3898 et
1133 3849 1267 3913 cognitio,
1286 3846 1363 3914 qood
1381 3845 1422 3900 ibi
1442 3846 1521 3898 breda
1538 3851 1577 3898 sit
1592 3856 1622 3899 et
1639 3843 1689 3903 dtr.
1706 3843 1739 3897 Β.

396 3942 440 4010 22)
476 3943 614 4008 propiare,
633 3936 684 3990 ubi
700 3942 890 3993 testimouium
908 3949 995 4002 estet
1013 3944 1147 4006 cognosci
1162 3951 1263 4009 potest,
1282 3941 1359 4008 quod
1377 3939 1420 3994 tbi
1439 3940 1519 3994 breda
1536 3944 1573 3993 sit
1593 3951 1621 3992 et
1640 3938 1691 3993 dte.
1707 3939 1743 3994 D.

396 4035 438 4092 ιδ)
476 4032 648 4084 uemoiliud
667 4031 786 4100 probare
806 4031 1173 4089 renasciturum.
1371 4035 1414 4101 ti)
1456 4033 1582 4087 furatum
1598 4031 1631 4086 Β.
1649 4031 1674 4084 dt
1692 4051 1743 4088 om.
1761 4039 1823 4085 coet.

396 4127 440 4195 15)
475 4116 535 4178 Lex
553 4127 736 4195 calumpniati
752 4127 786 4179 de
805 4125 892 4180 furtu.
909 4127 948 4180 Η.
1583 4191 1587 4197 Ι

395 4223 440 4289 15)
474 4221 512 4273 D.
531 4239 581 4272 om.
594 4237 673 4288 sape.
689 4247 723 4260 —
739 4221 828 4274 fuerit
844 4220 1068 4275 accusationibus
1085 4218 1234 4276 iuismatns
1254 4233 1283 4276 et
1300 4222 1407 4291 populo
1422 4217 1597 4274 incredibilis
1615 4232 1645 4273 et
1662 4220 1721 4273 hec
1737 4217 1826 4285 (laici)
1842 4217 1945 4287 piacita

507 4327 549 4368 ter
566 4314 771 4383 subterfugerit
788 4314 839 4370 &a
856 4315 890 4368 B.

397 4415 441 4484 ιγ)
476 4411 625 4465 hundredo
642 4421 687 4462 ter
709 4421 824 4464 vocatus
843 4409 892 4468 dte.
907 4411 944 4464 Η.
960 4412 1062 4480 piacita
1079 4421 1123 4463 ter
1140 4421 1255 4464 vocatus
1278 4408 1482 4477 subterfugerit
1499 4407 1537 4460 D.

397 4510 439 4571 18)
474 4509 584 4578 plegios
603 4522 635 4558 ot
647 4505 836 4574 fidejussores.
955 4507 998 4574 tp)
1034 4515 1229 4574 exsuperetur,
1248 4491 1508 4560 sicutalterutrum
1525 4505 1639 4572 poterit,
1657 4505 1718 4559 sive
1736 4505 1821 4560 rivus
1842 4501 1891 4556 &a
1909 4500 1944 4556 Β.
