4368 5222
858 717 916 789 22.
943 704 1032 800 (tt.)
1087 705 1149 774 De
1164 699 1283 792 festis
1307 701 1539 772 Sanctorum.

541 849 817 938 solempnitatea
833 841 865 935 ¹)
905 839 1118 908 Sanctorum
1151 834 1343 926 diligenter
1377 831 1423 902 ab
1455 829 1620 903 omnibus
1655 825 1913 918 coherentem·
1951 841 1994 902 et

410 987 577 1062 dominici
601 985 721 1080 diosa
753 972 976 1068 precedentis
1008 969 1147 1036 sabbati
1176 966 1267 1034 hora
1291 959 1434 1056 nona2)
1459 985 1573 1055 usqne
1597 963 1642 1030 ad
1664 959 1782 1029 lucem
1809 965 1993 1054 sequentis

408 1123 499 1192 ferie
531 1115 686 1185 secunde
719 1109 916 1192 feriantur3
967 1099 1035 1170 alie
1069 1102 1177 1168 etiam
1209 1097 1423 1189 festivitates
1450 1105 1487 1163 et
1510 1095 1646 1185 jejunia
1671 1095 1831 1163 districte
1867 1103 1997 1164 cneio-

411 1257 554 1324 diantur
577 1249 670 1316 sicui
689 1239 721 1334 ³)
746 1243 784 1308 in
811 1238 918 1306 domo
940 1243 1113 1302 statutum
1135 1239 1191 1299 est
1215 1239 1252 1298 et
1275 1237 1507 1319 praeceptum.

697 1385 755 1455 23.
782 1365 871 1464 (15.)
934 1367 996 1437 De
1019 1361 1192 1434 mercatis
1216 1372 1256 1428 et
1283 1357 1433 1456 placitis
1457 1353 1701 1426 dominicatis.

538 1495 786 1607 Interdicimus
821 1505 929 1574 etiam
954 1496 1203 1593 mercatum)
1228 1496 1369 1563 dierum
1396 1491 1676 1574 dominicorum,
1726 1469 1891 1580 omnia's)
1915 1509 1991 1578 po„

407 1650 575 1744 palorum
607 1643 759 1736 placita,
806 1638 874 1704 nisi
899 1635 1057 1703 maxima
1078 1632 1125 1698 sii
1140 1619 1351 1698 necessitas.
1431 1623 1554 1713 Opera
1588 1641 1729 1714 quoque
1760 1614 1999 1709 venatoriae)-

410 1794 447 1850 et
473 1784 594 1851 omnia
618 1771 790 1842 secularia
811 1767 954 1854 negotia
977 1760 1223 1850 prohibemus.
1340 1845 1343 1850 Ι

843 1899 902 1972 24.
929 1887 1015 1984 (16.)
1064 1889 1127 1958 De
1151 1884 1367 1976 vigiliarum
1384 1879 1556 1974 jejuniis,

539 2033 717 2130 Legitima
743 2026 851 2094 etiam
873 2021 1005 2112 jejunia
1030 2016 1113 2118 et⁷)
1137 2015 1267 2116 vigiliae
1289 2015 1518 2099 Sanctorum,
1543 2020 1677 2078 sanctae
1699 2007 1827 2078 Mariae
1855 2009 1993 2082 scilicet

410 2178 448 2239 et
472 2167 633 2237 omnium
657 2167 863 2230 sanctorum
887 2147 1146 2243 apostolorum,
1163 2145 1197 2244 ⁸)
1229 2153 1380 2237 excepto
1401 2143 1559 2234 Philippi
1583 2153 1620 2212 et
1644 2140 1768 2211 Jacobi
1792 2140 1990 2235 promam)

409 2298 590 2394 paschalia
619 2294 732 2381 festa,
783 2298 820 2358 et
851 2285 1054 2378 jejuniam)
1089 2290 1272 2350 scalarum
1289 2273 1345 2372 ¹¹)
1368 2276 1563 2358 feriarum,
1595 2245 1664 2344 nisi
1689 2276 1736 2343 sit
1761 2271 1913 2360 festum,
1930 2269 1991 2365 ¹²)

411 2434 612 2505 teneantur.
653 2421 843 2496 APascha
865 2431 987 2489 tamen
1012 2437 1125 2509 usque
1146 2415 1384 2483 Pentecosten
1406 2407 1525 2478 nulus
1549 2409 1703 2498 jejunet,
1733 2407 1801 2475 nisi
1822 2407 1868 2473 sit
1889 2427 1991 2495 prea-

414 2577 558 2656 ceptum
574 2561 632 2654 13)
657 2555 801 2648 publica
827 2551 1055 2642 paenitentia3
1108 2571 1129 2615 a
1155 2547 1213 2615 die
1244 2547 1352 2614 etiam
1378 2539 1488 2611 natali
1511 2537 1661 2609 Domini
1686 2561 1799 2631 usque
1823 2537 1869 2605 ed
1888 2545 1993 2605 octa-

412 2717 475 2766 vas
494 2691 550 2782 ¹⁴)
567 2687 779 2776 Epiphaniae
795 2694 806 2724 ²
820 2682 852 2772 ⁵)
876 2683 971 2749 idem
996 2679 1227 2746 custodiatur.
1241 2673 1298 2766 ¹⁶)
1403 2747 1407 2760 ¹

418 2800 642 2818 -ι-ι-ιιι-

410 2832 412 2838 *
452 2841 478 2904 ι)
513 2838 549 2888 Et
567 2851 662 2888 omues
680 2828 863 2884 rectitudines
880 2838 909 2878 et
928 2835 1021 2878 sancte
1039 2825 1095 2875 Dei
1112 2825 1290 2884 ceremonia,
1309 2823 1384 2872 sicut
1404 2818 1535 2872 omnibus
1553 2835 1625 2888 opus
1644 2829 1687 2870 est
1703 2817 1864 2879 desideriis,
1889 2817 1989 2870 obaer-

545 2946 649 2988 sentur
666 2938 697 2986 in
716 2926 927 2993 festivitatibus,
946 2927 1071 2993 iejuniis,
1088 2926 1119 2974 in
1135 2921 1285 2974 feriatione
1304 2919 1361 2972 diei
1379 2919 1519 2973 dominice
1537 2919 1572 2971 ab
1591 2919 1661 2970 bora
1679 2935 1754 2970 nona
1771 2917 1879 2970 sabbati
1896 2933 1989 2984 usque

550 3039 585 3093 ad
603 3035 765 3090 diluculum
784 3028 906 3082 secunde
919 3025 991 3079 serie
1008 3035 1037 3078 et
1052 3029 1084 3076 in
1101 3021 1232 3076 Satorum
1256 3025 1384 3074 omnium
1409 3019 1680 3088 sollempnitatibus,
1711 3023 1785 3072 sicut
1811 3017 1989 3072 asacerdota

545 3141 654 3196 fuerint
671 3136 813 3188 nunciate.
836 3127 907 3183 ΠΒ.

446 3251 475 3316 2)
509 3247 580 3300 hora
598 3257 672 3293 nona
685 3254 717 3289 o:
734 3235 803 3288 hora
818 3231 906 3283 sertia
917 3227 1124 3298 pomeridiana,
1144 3223 1197 3294 cfr.
1211 3222 1414 3274 observationes
1429 3219 1514 3272 calab.
1526 3217 1662 3274 (transmit
1679 3221 1801 3274 insertas
1816 3222 1928 3290 scrs'piia
1941 3237 1988 3273 aa.

544 3345 655 3399 sistatis
673 3338 810 3393 litararioe
826 3331 997 3401 Hafnianais.
1021 3332 1095 3383 Tam.
1113 3329 1146 3382 V.
1156 3343 1186 3396 p.
1202 3325 1260 3378 141.
1285 3322 1376 3391 Hafa.
1397 3321 1472 3390 1751.

273 3415 280 3422 ι
375 3464 378 3471 ’
450 3450 481 3518 5)
516 3451 589 3500 sicut
604 3445 763 3511 praecipitur
779 3437 966 3490 H.-Nonna
981 3431 1140 3500 legendum:
1153 3431 1185 3478 in
1202 3426 1338 3477 domino?
1356 3423 1527 3492 enepotius:
1545 3425 1576 3474 in
1588 3421 1672 3476 domo
1685 3421 1793 3474 domini
1811 3436 1843 3472 os
1860 3423 1987 3477 ecelesia,

446 3551 475 3614 t)
509 3546 624 3616 publica
647 3542 828 3594 mercimonia
853 3535 899 3587 vel
920 3535 1135 3601 placitationum
1155 3526 1369 3589 conventicula,
1407 3528 1569 3576 venationes
1587 3535 1616 3577 et
1634 3523 1797 3591 hujusmodi
1814 3525 1987 3580 secularium

544 3647 668 3697 actiones
691 3638 760 3692 D-B.

445 3753 474 3818 5)
508 3757 537 3802 at
561 3745 654 3796 omnia
680 3739 827 3809 popularia
854 3737 956 3804 placita
980 3733 1014 3786 ll.
1040 3736 1134 3785 omnia
1159 3733 1332 3798 populorum
1349 3728 1451 3796 placita
1486 3743 1518 3780 s:
1554 3745 1705 3782 communes
1717 3727 1816 3797 populi
1839 3739 1986 3783 conventus

545 3845 733 3912 (folegemot).
796 3837 800 3850 '
946 3835 974 3900 6)
1009 3837 1144 3884 senensis
1163 3831 1200 3884 H.

445 3959 472 4027 7)
505 3947 613 4005 nna.
638 3944 703 3996 add.
729 3945 788 3994 eise
813 3935 1089 4006 quatuortemporale
1116 3931 1160 4000 (q.
1178 3913 1404 3999 temporum'B.)
1429 3935 1489 3982 siva
1517 3929 1755 4000 quadragesimale
1787 3929 1834 3981 sel
1852 3928 1984 3999 deinceps

542 4046 620 4104 aliud
638 4043 851 4113 quodquunque
870 4050 898 4090 et
916 4036 961 4105 (ll.
980 4036 1043 4088 add.
1063 4033 1113 4100 ad)
1132 4049 1228 4084 omues
1246 4031 1332 4084 beatas
1348 4029 1445 4083 Mariae
1462 4029 1512 4084 &a

443 4159 471 4220 8)
504 4151 574 4208 ΠΒ.
592 4149 657 4200 aad.
677 4146 786 4214 jejunia
804 4146 898 4192 nodva
917 4139 1086 4207 proveniant
1103 4137 1285 4202 (praeveniant
1301 4129 1376 4197 RS.)
1510 4137 1537 4200 9)
1556 4130 1589 4184 Β.
1604 4150 1654 4188 om,
1672 4141 1983 4202 pfopoerm4011ffimh
2011 4179 2013 4183 v

429 4261 472 4324 ιο)
507 4253 544 4308 Η.
563 4251 626 4304 add.
645 4250 779 4302 ominium.
916 4245 958 4302 ιι)
976 4248 1120 4290 sextarum
1138 4234 1270 4287 seriarum
1290 4249 1322 4283 e:
1341 4234 1444 4284 dierum
1457 4235 1579 4286 Veneris.
1714 4239 1756 4300 η)
1774 4233 1912 4288 semeia„
1929 4233 1965 4288 fl,

371 4361 374 4370 ,
429 4363 473 4429 13)
507 4356 545 4410 Η·
563 4355 627 4407 ΰᾶᾰ·
645 4364 708 4418 l’l'0·
904 4344 946 4411 14)
983 4350 1047 4391 octo
1073 4339 1132 4390 dies
1151 4345 1215 4405 post
1232 4333 1417 4402 Epiphaniam
1437 4330 1486 4385 dte.
1505 4331 1540 4387 H.

426 4465 469 4521 15>
503 4459 540 4513 A.
560 4455 623 4508 add.
645 4451 699 4503 boe
716 4459 757 4501 eat
774 4456 880 4515 septem
899 4453 996 4495 noctes
1015 4450 1078 4508 post
1098 4437 1297 4490 duodecimum
1314 4435 1388 4488 diem
1406 4434 1555 4490 missalem.

428 4565 472 4648 ab)
508 4557 578 4616 nit.
596 4555 662 4610 add.
679 4555 736 4604 nisi
754 4553 819 4618 quis
837 4561 889 4616 pro
908 4545 1069 4616 paenitentia
1089 4541 1135 4594 vel
1153 4547 1253 4608 sponte
1270 4537 1389 4606 jejunet.
