4368 5222
471 483 520 557 12

420 680 578 770 episcopi
601 684 786 767 teneatur,
820 677 903 769 quia
925 676 964 747 in
987 671 1051 746 tali
1074 673 1200 744 ordine
1224 693 1355 765 magna
1380 673 1488 746 debet
1514 695 1590 746 esse
1613 678 1782 750 discretio
1805 675 1843 752 8t
1867 683 1994 752 consi·
2054 772 2059 780 .

419 812 565 881 deratio.

898 987 936 1058 8.
976 972 1039 1072 (5.)
1104 976 1167 1048 De
1199 975 1461 1050 sacerdotibus.
1481 978 1514 1073 ¹)

550 1111 589 1181 Si
613 1110 825 1204 configent3
857 1108 1111 1201 presbyterum
1137 1108 1348 1204 regulariter
1372 1108 1411 1183 δε
1434 1123 1533 1185 caste
1556 1115 1739 1188 virentem
1759 1113 1998 1209 calumpniari

420 1247 466 1317 de
486 1241 674 1314 latrocinio
697 1243 755 1316 vel
782 1243 828 1311 de
847 1243 1106 1333 incantatione,
1129 1240 1187 1314 vel
1212 1243 1259 1314 de
1283 1242 1401 1336 aliqua
1415 1243 1452 1342 ²)
1476 1244 1683 1339 hujusmodi
1697 1267 1758 1336 re,
1781 1256 1819 1316 et
1837 1269 2001 1339 negave-

419 1378 489 1458 rit,
520 1377 573 1446 ita
596 1397 635 1444 se
658 1373 846 1468 purgabit,
881 1376 912 1444 ei
938 1375 1063 1446 audet:
1111 1376 1259 1445 misem
1282 1373 1459 1466 celebret,
1497 1387 1535 1448 et
1556 1375 1668 1471 per³)
1695 1397 1826 1468 corpus
1848 1377 1999 1450 Domini

420 1508 517 1579 solus
541 1509 588 1580 de
611 1531 685 1578 una
706 1503 1014 1600 appellatione,⁴)
1043 1529 1152 1601 quarn
1175 1503 1285 1602 Angli
1307 1519 1440 1581 vocant
1464 1507 1647 1599 anfealcie
1665 1507 1816 1602 speclea,
1840 1531 1880 1578 ee
1905 1529 1999 1600 pur-

421 1651 501 1736 get,
546 1651 602 1724 et,
651 1643 682 1711 si
703 1639 753 1708 111
772 1637 1031 1732 appellationes
1050 1637 1203 1729 firefint,
1240 1641 1366 1710 secum
1388 1643 1545 1734 acceptis
1570 1637 1750 1736 duobus‘)
1776 1640 1998 1733 presbyteris

415 1783 555 1866 purget
579 1795 639 1861 se,
665 1775 758 1840 sicut
782 1771 958 1856 diximus,
995 1771 1028 1836 si
1054 1770 1185 1855 audet,
1216 1741 1302 1859 bei)
1326 1771 1397 1838 iata
1419 1779 1543 1842 tamen
1565 1771 1654 1842 fiant
1675 1773 1874 1844 secundum
1898 1773 1999 1864 judi..

422 1905 518 1972 cium
548 1903 735 1990 episcopi·
789 1897 828 1966 Si
853 1906 974 1966 autern
999 1891 1228 1987 diaconum)
1259 1898 1321 1988 qui
1352 1899 1565 1992 regulariter
1590 1899 1705 1984 vivit)
1723 1901 1997 1992 ¹calumpniatur

422 2029 551 2122 simpla
576 2029 834 2122 appellatione,
857 2028 1011 2118 acceptis
1036 2026 1178 2097 duobus
1205 2027 1462 2128 diaconibue⁸)
1487 2053 1628 2123 secum,
1664 2029 1842 2126 purget?)
1869 2054 1928 2116 se,
1958 2027 1998 2105 8(

423 2165 454 2233 si
477 2162 776 2263 treepslumpnie
799 2158 956 2247 fuerint,
1005 2155 1233 2252 assumat10)
1257 2157 1310 2229 VI
1325 2183 1458 2234 secum
1482 2173 1521 2233 et
1541 2165 1621 2256 ipse
1642 2165 1698 2234 sit·
1713 2167 1898 2256 septimus.
1976 2196 1979 2202 ·

774 2323 809 2422 9.
834 2327 898 2428 (5.)
961 2331 1024 2402 De
1046 2327 1197 2424 vulgari
1220 2332 1412 2402 sacerdote
1433 2357 1509 2406 non
1531 2297 1646 2407 casto.
1761 2337 1764 2342 ’

555 2469 594 2540 st
618 2465 771 2560 uulgaris
787 2460 844 2557 ιι)
877 2463 1087 2555 presbyter,
1111 2465 1172 2555 qui
1186 2459 1243 2558 ¹²)
1270 2487 1344 2535 non
1366 2465 1580 2560 regulariter
1605 2470 1709 2558 vivit,
1735 2466 1998 2558 calumpniatur

425 2601 553 2693 simpla
568 2601 626 2698 ¹³)
651 2596 910 2690 appellatione,
947 2601 1080 2689 purget
1102 2619 1141 2666 ee
1165 2599 1258 2667 sicut
1282 2598 1454 2670 diacoma
1474 2597 1688 2691 regulariter
1712 2601 1851 2689 vivens,
1898 2599 1999 2670 ecili-

427 2731 555 2828 cet¹⁴)
576 2748 760 2802 assumens
783 2727 873 2795 duos
898 2735 936 2794 et
958 2727 1037 2815 ipae
1061 2727 1109 2796 eit
1132 2729 1277 2818 tertius,
1302 2739 1340 2801 et
1360 2732 1392 2799 ei
1413 2731 1458 2801 de
1481 2727 1614 2822 triplici
1639 2728 1894 2822 appellatione,
1931 2755 1998 2806 eu-

427 2875 503 2934 mat
524 2885 590 2932 sex
615 2870 651 2931 et
670 2830 753 2950 ipae
772 2859 819 2928 sit
841 2857 1024 2949 septimus.

431 3149 657 3172 Η

465 3353 492 3416 ι)
525 3347 587 3401 Lex
612 3345 763 3416 praebitori
780 3343 898 3398 crimine
915 3339 1098 3409 calumpniari
1114 3337 1186 3396 nit.

461 3450 490 3515 a)
525 3449 619 3514 aliqua
636 3451 785 3501 cuminum
804 3443 1020 3512 compellatione
1037 3443 1161 3511 pulsari,
1185 3444 1298 3497 naisum
1316 3440 1366 3498 irc·
1382 3441 1416 3496 B.

462 3547 491 3613 3)
525 3547 598 3599 ΗΜ.
622 3563 674 3598 om·
700 3562 761 3614 per·
787 3571 823 3586 -
837 3555 932 3600 saneta
948 3547 1146 3599 commrmione
1162 3559 1192 3597 se
1210 3553 1314 3614 purget
1329 3545 1406 3599 aolus
1422 3544 1531 3613 solum,
1565 3546 1593 3599 sl
1608 3545 1787 3614 compellatio
1805 3545 1997 3617 simplexait3

543 3650 577 3700 in
592 3647 699 3715 triplici
716 3646 875 3714 calumpnia
898 3660 965 3698 curu
982 3644 1094 3700 derebus
1112 3644 1162 3698 &m
1179 3641 1213 3698 Β.

463 3757 492 3823 l)
529 3754 639 3824 Saepius
655 3770 708 3805 eos
726 3753 832 3820 appelli
849 3753 926 3821 apud
940 3753 1048 3822 Anglcs
1061 3769 1115 3822 pro
1132 3753 1308 3819 accusatione
1324 3762 1493 3823 usurpatur,
1511 3753 1568 3808 etet.
1584 3755 1632 3806 Du
1647 3756 1739 3825 Gange
1756 3770 1782 3807 a·
1792 3773 1849 3809 voc.
1865 3757 1978 3827 appelli.

463 3865 491 3932 5)
527 3863 563 3920 Η.
579 3863 645 3916 odd.
661 3857 806 3915 lrstribus.

463 3971 492 4036 6)
526 3971 590 4040 lpse
606 3979 699 4023 tamen
715 3965 854 4037 presbiter
872 3975 1002 4020 terreatur
1019 3981 1109 4034 usqae
1127 3963 1320 4035 adjudicium
1338 3968 1465 4038 epiceopi
1476 3967 1519 4022 ii.
1535 3993 1569 4011 -
1586 3966 1620 4020 B.
1636 3985 1688 4022 ora.
1706 3967 1924 4040 bra-...episcopi

463 4081 491 4150 7)
526 4079 563 4130 D.
581 4079 647 4130 eald.
666 4075 813 4144 regularis.
1008 4075 1037 4141 8)
1073 4073 1198 4128 diaconis
1215 4071 1290 4126 HJ).
1484 4079 1514 4146 9)
1550 4076 1672 4144 adlegiet
1689 4073 1723 4128 B.

448 4182 492 4247 ro)
528 4195 580 4232 sex
596 4193 693 4230 secum
710 4177 835 4230 diaconia
852 4179 974 4246 acceptia
991 4179 1030 4229 lta
1048 4190 1079 4229 se
1094 4185 1207 4244 purget.
1223 4171 1298 4227 lin.

448 4291 492 4354 rr)
526 4287 672 4357 popularis
690 4284 829 4358 presbiter
844 4283 882 4336 ll.
921 4282 1050 4353 plebeius
1066 4281 1195 4337 sacerdot
1211 4281 1248 4336 D.

447 4397 491 4463 rr)
527 4398 578 4463 qut
594 4393 754 4461 regularem
769 4395 857 4447 vitam
874 4408 933 4445 non
950 4391 1046 4446 habet.
1061 4389 1097 4443 D.
1296 4389 1339 4458 ιδ)
1375 4389 1410 4443 de
1428 4387 1595 4458 suprafflctls
1610 4401 1712 4460 purgat
1729 4390 1779 4446 lec.
1796 4391 1871 4447 itti.

448 4507 492 4572 tls)
527 4504 598 4556 Hac
615 4499 639 4554 bt
656 4519 731 4573 seqq·
749 4501 805 4554 dea.
824 4501 852 4552 t'rr
871 4499 1014 4554 limen.
