4344 5220
675 689 749 763 37.'
763 677 865 776 (33.)
905 681 966 753 De
981 677 1014 772 ¹)
1040 667 1189 773 publice
1219 677 1360 782 (leonto
1394 691 1432 750 et
1451 677 1635 775 perjurio.
1683 699 1687 708 ·
1758 691 1792 730 '·

433 837 435 844 .
504 812 541 888 si
567 815 644 906 quis
668 812 864 904 perjurium
877 811 1014 882 lecerit
1037 833 1148 902 super
1168 808 1357 904 textum2)
1379 811 1553 905 evangelii
1567 827 1630 886 aut
1644 835 1752 905 super
1770 813 1939 909 reliquias

371 953 595 1034 sanctorum,
637 953 675 1014 et
697 947 809 1019 victus
829 942 957 1032 luerit,
993 943 1090 1036 quod
1112 941 1244 1040 injuste
1264 943 1454 1034 juraverit,
1503 944 1670 1040 carew)
1694 946 1858 1017 manibus
1877 955 1941 1022 aut

371 1077 434 1146 det
457 1077 643 1148 dimidium
668 1077 775 1167 pretii
797 1051 854 1146 sui
877 1075 1009 1166 ipsius3
1052 1067 1095 1144 et'
1109 1072 1179 1143 hoc
1203 1074 1384 1173 dividatur
1408 1077 1503 1148 inter
1528 1079 1736 1170 episcopum
1759 1087 1798 1147 et
1819 1079 1939 1148 domi·

371 1229 460 1278 num
484 1207 596 1297 ipsius
618 1207 792 1296 Ιιοηιίιιίι,
812 1217 850 1276 et
871 1215 955 1298 post
976 1205 1047 1274 hoc
1071 1227 1145 1274 non
1168 1207 1215 1276 sit
1234 1205 1363 1296 dignus
1383 1206 1596 1297 juramenti,
1627 1211 1724 1300 quod
1750 1206 1857 1300 Angli
1881 1210 1941 1279 di·-

370 1348 457 1408 eunt
481 1337 713 1441 apesoyrde,
734 1340 807 1408 nisi
830 1337 936 1409 altius
951 1335 1034 1408 Deo
1056 1333 1267 1425 satisfaciat,
1291 1346 1329 1406 et
1351 1336 1577 1431 fidejussores
1598 1340 1772 1430 iuveniat,
1796 1337 1940 1432 quod⁴)

341 1468 523 1563 amplius
548 1469 751 1542 cessaverit.
914 1521 941 1560 ,

701 1607 762 1682 38.
787 1597 876 1694 (34)
925 1599 988 1671 De
1002 1594 1035 1692 ⁵)
1059 1596 1099 1670 in
1114 1596 1227 1688 salec
1249 1598 1455 1670 testimonio
1477 1609 1611 1670 stante.

503 1731 580 1822 Qui
602 1755 690 1807 vero
711 1733 854 1814 steterit
876 1733 915 1802 in
939 1729 1031 1800 falso
1058 1733 1284 1818 testimonio,
1324 1741 1363 1798 et
1386 1707 1501 1802 victos
1521 1729 1651 1820 fuerit3
1688 1735 1784 1825 quod
1808 1735 1859 1804 ita
1882 1737 1941 1815 sit,

369 1883 443 1932 nou
466 1865 515 1932 sit
534 1863 687 1956 amplius
714 1863 843 1952 dignm
874 1870 970 1930 state
1002 1871 1067 1929 aut
1098 1870 1244 1948 portare
1277 1861 1540 1949 testimonium,
1588 1863 1686 1953 quod
1722 1864 1940 1956 legalitatem

348 1983 472 2070 ¹suam
495 1993 634 2084 perdit,
681 2001 720 2060 et
743 1993 827 2060 ideo
849 1987 1033 2080 persolvat
1054 1991 1134 2080 regi
1158 1999 1221 2060 aut
1243 1989 1389 2060 domino
1415 1989 1571 2086 tetrae⁶)
1597 1992 1724 2064 decem
1737 1990 1771 2088 ⁷)
1794 1993 1939 2086 solidos,

276 2139 297 2224 Ν,
368 2125 466 2217 quod
479 2121 514 2220 8)
539 2123 636 2193 Dani
660 2131 791 2194 vocam
817 2117 1013 2212 hoisfang.

500 2252 579 2330 (35.)
620 2245 734 2334 Nono)
755 2262 804 2312 est
821 2247 857 2312 iu
880 2243 990 2334 aliquo
1014 2260 1162 2334 tempore
1181 2263 1334 2310 concessa
1353 2243 1511 2330 injustitia
1530 2262 1563 2313 et
1583 2262 1692 2315 nmen
1715 2248 1871 2332 injustitia
1890 2266 1939 2334 est

368 2353 458 2420 lestis
476 2349 590 2416 diebus
610 2347 643 2418 et
661 2345 865 2417 sanctificatis
888 2347 969 2414 locis
991 2347 1189 2438 propensius
1209 2345 1406 2422 interdicta,
1436 2353 1733 2439 semperque-sicut
1751 2351 1853 2425 homo
1873 2375 1939 2440 po*

369 2456 488 2522 tectior
511 2471 560 2522 est
581 2451 634 2523 vel
656 2453 787 2536 majoris
809 2449 955 2532 ordinis,
997 2450 1044 2515 sic
1063 2447 1159 2514 debet
1177 2444 1339 2514 sollertius
1360 2471 1430 2538 pro¹
1443 2453 1515 2517 Deo
1541 2468 1574 2526 et
1593 2453 1721 2534 seculo,
1769 2451 1860 2542 quod
1882 2455 1937 2536 ju-

368 2574 454 2624 stum
475 2574 541 2633 ast,
581 2555 772 2634 emendare,
814 2569 846 2618 et
865 2550 939 2618 ideo
962 2568 1084 2634 gratam
1105 2549 1363 2618 emendationem
1385 2546 1499 2619 sedulo
1521 2555 1748 2645 perquiramus
1769 2553 1810 2620 de
1831 2557 1938 2648 scrip-

369 2658 449 2724 turis
474 2660 590 2725 sanctis
614 2675 645 2725 et
664 2653 842 2723 secularem
861 2658 948 2739 juxta
967 2655 1072 2736 legem
1094 2649 1207 2720 seculi.
1931 2655 1932 2659 ’

683 2789 743 2864 39.
769 2773 863 2866 (36.)
912 2772 1045 2864 De'10)
1071 2773 1329 2848 ordinatorum
1352 2765 1618 2862 interfectione.

422 2918 433 2932 ’
498 2906 537 2976 Si
562 2907 640 2998 quis
664 2905 819 2996 aliquem
845 2906 1018 2975 occiderit
1038 2909 1087 2975 de
1112 2905 1345 2974 servitoribus
1368 2905 1508 2994 alteris,
1553 2909 1602 2976 sit
1625 2905 1709 3004 exul
1735 2917 1859 2979 contra
1875 2922 1885 2954 ¹
1900 2909 1931 3005 Ι)

366 3037 487 3108 Deum
502 3033 559 3129 η)
595 3047 633 3106 et
663 3045 788 3106 eontra
825 3057 949 3105 omnes
974 3035 1157 3125 homines,
1200 3039 1269 3105 nisi
1290 3059 1358 3126 per
1372 3046 1383 3078 ¹
1396 3033 1430 3128 3)
1454 3035 1602 3106 exilium
1627 3037 1731 3108 altius
1757 3036 1933 3134 emendet,

368 3179 405 3238 et
427 3168 636 3280 parentibus
653 3165 709 3264 ¹⁴)
735 3169 864 3258 etiam,
892 3177 954 3237 aut
976 3176 1107 3259 purget
1129 3189 1168 3236 se
1189 3169 1422 3258 purgatione,
1452 3190 1560 3260 quam
1582 3164 1690 3262 Angli
1713 3183 1841 3245 vocant
1865 3197 1931 3244 oe-

402 3375 427 3432 1)
461 3371 535 3426 H-D.
560 3389 611 3425 om·
629 3371 855 3450 inscriptionem.¹
1035 3372 1065 3438 a>
1100 3381 1193 3425 sancta
1210 3369 1280 3426 ΠΒ.

399 3471 429 3534 5)
465 3487 579 3526 manum
596 3473 695 3540 perdat
711 3475 758 3527 val
778 3473 924 3529 dimidiam
941 3487 1045 3528 waram
1061 3487 1157 3536 suain,
1170 3483 1200 3528 et
1211 3469 1261 3526 &a
1277 3470 1349 3526 ΕΒ.

399 3559 426 3632 4)
461 3573 483 3622 i.
500 3586 525 3623 s.
546 3574 618 3641 quod
633 3574 663 3626 in
676 3572 809 3643 futurum
826 3593 845 3629 a
859 3574 968 3629 ‘talibus
985 3583 1143 3628 casseturus
1159 3575 1208 3627 sit·
1401 3572 1433 3642 ὅ)
1466 3573 1538 3629 Η.[).
1556 3576 1758 3648 inscriptionem
1776 3582 1874 3636 cntitt..

399 3672 427 3738 6)
463 3687 547 3724 suum
564 3670 693 3738 hslslang
709 3671 744 3726 Β.
882 3671 885 3677 ’
940 3673 973 3746 7)
1010 3673 1048 3727 Λ.
1067 3691 1118 3726 orn.
1137 3673 1234 3726 decem
1254 3673 1307 3728 sol.

398 3773 425 3834 8)
454 3771 498 3826 A·
516 3789 567 3824 ons·
585 3771 662 3838 quod
663 3804 709 3824 .....
711 3783 819 3828 vocant.
837 3800 872 3815 -
888 3776 955 3832 ,Hoc
972 3793 1076 3847 quoque
1094 3784 1246 3828 memoratu
1265 3777 1378 3846 dignum
1395 3778 1520 3840 videtur,
1546 3781 1619 3850 quod
1635 3797 1685 3832 oca
1702 3781 1844 3850 hatstsug,
1869 3800 1929 3852 quaa

493 3875 538 3928 nte
555 3873 656 3926 donico
673 3890 731 3925 esse
745 3875 934 3942 predicetur,
953 3876 1018 3928 licet
1036 3874 1188 3946 inlepidus
1205 3875 1329 3946 antiquis
1344 3879 1449 3929 Danioe
1468 3879 1568 3932 nullibi
1580 3892 1715 3944 neutrae,
1734 3885 1848 3952 Anglioe
1866 3886 1929 3936 vin-

494 3975 606 4026 dicatur
623 3975 653 4026 in
672 3972 779 4044 lepidus
795 3975 911 4028 Hsnrici
931 3973 988 4040 1¹¹,
1015 3977 1062 4030 nbi
1079 3969 1111 4028 in
1126 3993 1188 4044 cop.
1207 3975 1240 4046 76
1259 3975 1319 4028 ltoec
1337 3978 1468 4050 legimns.-
1503 3981 1571 4033 ”Est
1587 3991 1680 4036 cutem
1699 3981 1808 4036 vertum
1824 3985 1930 4056 Angli.

493 4093 570 4137 eum,
588 4077 661 4146 quod
680 4075 767 4128 iatine
784 4085 866 4129 sonat
883 4077 1062 4148 apprehensio
1083 4077 1173 4128 colli.”

303 4235 306 4242 Ι
393 4183 422 4254 9)
458 4179 516 4231 Hoc
535 4186 633 4243 capnt,
651 4179 724 4246 quod
740 4179 770 4230 in
787 4177 897 4232 caserta
914 4177 1082 4232 verannius
1099 4178 1287 4244 desideratur,
1304 4198 1319 4231 s
1337 4181 1459 4234 versione
1477 4181 1512 4233 B.
1529 4179 1572 4233 isle
1589 4182 1760 4236 inseruimus.

378 4287 421 4346 ιο)
456 4277 530 4333 tun.
547 4293 598 4328 om.
615 4277 742 4347 inscript.
939 4278 986 4350 ιι)
1017 4287 1114 4332 eontra
1132 4293 1165 4328 oa
1192 4281 1275 4348 apud.
1471 4285 1515 4342 aa)
1551 4281 1696 4337 domiutuu
1721 4281 1757 4337 ll.

380 4384 422 4444 ιδ)
457 4381 549 4448 dignis
567 4377 806 4433 satisfactionibus
823 4395 906 4434 veros
925 4383 1088 4449 pauitantia
1106 4377 1216 4432 fructus
1234 4379 1362 4432 ostendat
1377 4391 1405 4433 et
1423 4377 1473 4434 dte.
1491 4377 1525 4432 B.

379 4486 421 4544 14)
458 4460 639 4551 perenibus.
658 4481 785 4552 cognoris
802 4481 892 4533 occisi.
