4368 5222
440 506 491 581 tt

523 709 566 778 ln
596 705 676 797 lege
700 699 833 774 Mettis
853 721 922 772 rex
944 696 1057 767 hebet
1078 693 1222 765 easdem
1248 691 1535 766 contuentdine'c.

395 988 453 1056 11.
480 968 570 1066 (14.)
646 967 858 1039 Secundum
873 959 904 1055 ¹)
930 960 1050 1054 legem
1074 960 1277 1030 Danorum
1296 978 1362 1030 ren
1386 955 1499 1028 nabet
1523 955 1594 1028 ttae
1618 954 1969 1054 consuetudinees²l

523 1101 766 1172 Violetionem
781 1095 815 1191 ³)
839 1104 1017 1182 monetes,
1065 1093 1161 1184 quod
1175 1087 1210 1184 ⁴)
1233 1087 1343 1183 Angli
1366 1102 1494 1194 vocent
1512 1087 1703 1182 scokcite,
1723 1092 1755 1186 ⁵)
1789 1093 1971 1162 dimissio-

392 1203 476 1310 nem
503 1233 608 1316 belli,
658 1232 753 1324 quod
779 1231 904 1300 dicunt
920 1223 1158 1320 ferdvite,⁶)
1202 1221 1415 1292 fractionem
1440 1227 1554 1315 pacis,
1596 1228 1691 1317 quod
1716 1227 1841 1294 dicunt
1861 1220 1980 1316 grid-,v

393 1371 515 1457 broce,
529 1367 563 1464 ⁷)
596 1367 818 1446 invasionem
842 1357 944 1453 vel⁸)
968 1361 1007 1428 in
1032 1359 1139 1426 domo
1167 1354 1224 1427 vel
1247 1357 1287 1424 in
1312 1357 1433 1445 curie,
1459 1356 1556 1449 quod
1580 1353 1687 1448 Angli
1714 1359 1838 1427 dicunt
1862 1354 1974 1426 tiane-

390 1522 520 1592 oocne,
546 1493 659 1590 nisi⁹)
685 1518 752 1566 rex
775 1492 862 1567 velit
886 1493 991 1572 dure>
1015 1491 1113 1582 quod
1134 1511 1239 1558 suum
1267 1487 1405 1584 essm)

867 1635 926 1704 12.
952 1619 1047 1716 (14.)
1109 1623 1173 1693 Dc
1199 1618 1353 1711 expulso
1371 1627 1498 1712 pasto.
1956 1689 1960 1696 ,

527 1765 602 1853 Qui
627 1752 886 1852 expulsum¹¹)
909 1755 1071 1843 paverit,
1118 1757 1188 1822 out
1206 1753 1402 1822 detinuerit
1425 1751 1583 1842 psciliee,
1600 1747 1658 1846 ¹²)
1710 1755 1805 1846 quod
1828 1750 1971 1849 (quem)

397 1897 503 1991 Angli
525 1903 657 1966 nocent
674 1886 870 1977 frittlesne
895 1883 1077 1971 man,¹³)
1103 1883 1258 1990 ¹reddet
1281 1883 1375 1973 regi,
1424 1883 1516 1950 sicut
1540 1883 1601 1956 lex
1635 1895 1708 1972 est,
1757 1886 1902 1974 plenam
1918 1881 1975 1976 ¹⁴)

398 2027 705 2108 emendationem,
738 2029 775 2087 et
799 2016 869 2105 illi,
919 2011 999 2108 [qui
1013 2025 1024 2054 ¹
1039 2009 1069 2105 ³)
1095 2011 1344 2104 expulsionem
1370 2023 1408 2084 et
1431 2011 1500 2107 illi]
1527 2017 1589 2106 qui
1610 2014 1801 2106 expulsum
1827 2013 1976 2106 expulit,

399 2163 606 2252 despectum
622 2151 679 2246 Μ)
706 2175 829 2238 suum,
868 2151 898 2218 si
923 2151 973 2217 ita
994 2148 1129 2235 justum
1157 2157 1222 2214 est.
1474 2219 1479 2226 ¹

566 2324 579 2336 ’
656 2299 716 2367 13.
743 2282 833 2378 (14)
882 2282 945 2353 De
970 2301 1032 2360 eo,
1077 2276 1141 2369 qui
1166 2276 1266 2369 leges
1284 2275 1447 2372 injustas
1469 2263 1715 2368 adiuuenerit.

532 2420 570 2488 Si
599 2422 677 2512 quis
702 2419 852 2509 injustos
866 2409 925 2507 ¹⁷)
950 2411 1045 2504 leges
1069 2420 1130 2480 sut
1144 2423 1155 2453 ¹
1168 2409 1201 2506 ⁸)
1239 2413 1435 2500 invenerit,
1485 2423 1548 2482 out
1566 2414 1778 2504 judicaverit
1801 2422 1863 2482 eut
1888 2433 1979 2480 ceu-

400 2579 439 2624 so
454 2547 511 2645 19)
539 2554 612 2622 odii
645 2562 707 2621 out
742 2547 985 2640 adquisitionis
1019 2546 1200 2635 pecuniae,
1251 2542 1371 2638 sit²0)
1402 2565 1487 2644 reue
1511 2544 1755 2643 regi·XL·²¹)
1781 2544 1976 2616 antidotum

439 2745 465 2810 ι)
500 2744 534 2794 Ιιι
551 2742 614 2808 lege
631 2741 667 2792 Η.
703 2741 737 2792 Iu
755 2739 899 2806 Deuelege
917 2736 954 2814 Β.
1147 2735 1180 2806 2)
1219 2735 1256 2787 tt.
1273 2752 1324 2786 om.
1344 2735 1571 2789 eonsuetudines.

435 2838 464 2904 3)
502 2837 602 2889 Coeteri
620 2835 697 2886 codd.
719 2833 831 2884 mulctoe
854 2833 886 2884 ob
907 2832 1082 2884 violationem
1104 2839 1222 2882 monetoe
1243 2831 1351 2882 nullam
1365 2827 1483 2898 faciunt
1505 2833 1681 2895 mentionem,
1708 2832 1758 2883 esd
1774 2847 1827 2900 pro
1848 2828 1976 2882 leuhvlte

534 2931 670 2999 (propriu
705 2928 810 2979 mulcta
820 2928 964 2996 pecunia,
999 2925 1099 2998 quippe
1116 2944 1198 2998 quum
1212 2926 1461 2996 Angla-Saxonum
1478 2924 1563 2990 seoh,
1582 2926 1758 2983 Islandorum
1773 2923 1817 2989 le,
1830 2925 1978 2996 pecuniane

531 3023 688 3094 significet)
711 3022 815 3076 hubent
838 3020 981 3089 lyhtvite‚
1015 3037 1047 3078 o:
1065 3021 1170 3072 mulcta
1185 3029 1299 3090 propter
1311 3037 1439 3090 pugnam
1452 3023 1638 3084 commissam,
1673 3023 1825 3074 vindictam
1834 2995 1978 3092 piivutuen

534 3119 681 3191 (suidam.)
876 3117 905 3184 4)
941 3132 1025 3184 quem
1042 3115 1079 3167 ll.
1468 3090 1475 3102 “
1789 3156 1791 3164 .

438 3222 467 3286 5)
502 3215 637 3282 fechvyte
655 3213 691 3265 ll.
708 3211 849 3280 lyhtenite
866 3209 904 3264 A.
924 3209 1069 3273 fshtvitsu
1087 3214 1109 3264 i·
1127 3221 1169 3262 est
1186 3207 1362 3264 sorieiectum
1381 3224 1477 3279 pugne
1494 3212 1568 3261 me.
1586 3210 1611 3264 n
1628 3227 1681 3262 om.
1698 3211 1942 3265 dimissu-dicunt.

436 3315 466 3382 6)
501 3311 626 3380 iyrdvite
644 3314 665 3362 i.
683 3319 725 3361 est
744 3305 925 3361 iurulentum
946 3306 1139 3374 expeditionis
1156 3303 1226 3358 ΠΒ.
1245 3305 1322 3370 (ferd
1338 3307 1415 3374 opud
1428 3303 1558 3358 telondos
1573 3323 1677 3376 quoqne
1691 3308 1754 3368 iter,
1771 3306 1976 3374 expeditionem,

533 3406 700 3477 significat.)
898 3403 929 3470 7)
963 3401 1059 3454 Etiam
1075 3402 1152 3471 opud
1165 3401 1294 3454 Istundoe
1307 3400 1370 3468 grid
1386 3401 1520 3452 notionem
1536 3401 1696 3454 securitatis
1711 3399 1736 3451 lt
1744 3399 1826 3469 pecie
1836 3399 1931 3454 notet.

437 3505 466 3568 8)
502 3504 664 3564 mensionis,
682 3497 758 3565 quod
776 3495 825 3551 lec.
843 3495 877 3549 Β.
1073 3499 1102 3566 9)
1143 3499 1168 3548 ei
1185 3513 1243 3550 uon
1261 3497 1384 3564 eliquene
1401 3495 1552 3563 specialius
1568 3495 1751 3548 honoraverit
1766 3491 1800 3548 Β.

423 3599 466 3663 ιο)
503 3594 561 3663 cfr.
579 3611 640 3662 cap.
657 3613 673 3663 9
692 3593 804 3659 infine.
1001 3596 1044 3657 ιι)
1085 3609 1137 3661 pro
1155 3593 1237 3659 culpe
1263 3591 1410 3644 exulatum
1428 3587 1475 3642 B.·

421 3694 465 3758 ιι)
502 3687 631 3741 eineudet
646 3686 702 3738 hoo
721 3690 794 3738 sicut
812 3695 876 3738 onte
894 3687 1053 3754 legitimum
1071 3683 1159 3738 luerit
1176 3685 1209 3737 Β.
1227 3683 1252 3738 8<
1270 3703 1320 3742 om.
1339 3695 1403 3738 coet.
1538 3683 1585 3756 ιδ)
1624 3682 1748 3739 itendles
1759 3683 1805 3756 (.)
1822 3701 1924 3742 menne
1941 3687 1977 3740 ll.

421 3789 465 3852 14)
500 3785 612 3853 plenem
637 3779 688 3832 dte·
703 3797 755 3830 om.
773 3775 810 3830 A.
1008 3781 1052 3848 ιδ)
1092 3780 1128 3832 Η.
1146 3791 1220 3832 recte
1237 3799 1289 3832 om·
1307 3780 1450 3848 qut-..illl

422 3879 466 3944 sd)
500 3878 666 3946 Despectus,
682 3889 712 3925 ot
731 3882 882 3926 contemtus
891 3893 901 3934 ,·
921 3875 1038 3928 reddere
1052 3863 1216 3943 despectum
1230 3891 1314 3928 suum
1331 3891 1364 3927 o:
1381 3875 1485 3928 solvere
1498 3875 1631 3928 mulctum
1645 3874 1678 3928 od
1694 3885 1866 3942 contemtum,
1884 3892 1978 3945 nempe

532 3971 566 4024 ot
580 3979 743 4024 contemtum
757 3971 818 4035 ejue
834 3969 1015 4039 dignitatem,
1034 3988 1086 4042 quo
1099 3979 1223 4022 movente
1236 3969 1311 4024 alter
1326 3972 1356 4023 in
1372 3971 1485 4024 exilium
1499 3973 1600 4024 mieeue
1607 3971 1711 4040 suerit.
1750 3973 1856 4024 Similis
1872 3971 1978 4024 mulcta

534 4066 572 4136 ob,
591 4067 725 4118 violatam
751 4065 872 4130 alicujus
898 4065 1063 4135 dignitatem
1087 4065 1117 4117 in
1145 4065 1252 4136 legibue
1268 4067 1388 4118 Danioie
1414 4067 1540 4138 antiquie
1563 4065 1614 4118 sub
1632 4068 1737 4119 nonum
1754 4064 1914 4120 thukkeltot
1930 4083 1977 4119 oe-

533 4162 636 4224 cum’t,
662 4179 744 4231 quam
757 4161 888 4213 Andreae
901 4161 1019 4213 Sunonie
1034 4160 1055 4213 l·
1073 4162 1108 4214 V·
1127 4161 1167 4212 ιδ.
1185 4159 1211 4214 dt
1228 4163 1286 4214 tx.
1300 4162 1327 4213 8.
1338 4162 1462 4230 pretium
1477 4169 1647 4230 contemptus
1662 4163 1798 4232 appellat.

421 4261 465 4332 ¹7)
499 4257 623 4324 anlagen
640 4255 754 4322 (uulsgo
771 4253 815 4316 B.)
836 4259 857 4307 i.
876 4265 918 4308 eet
934 4271 994 4307 nou
1010 4257 1103 4323 legem
1119 4257 1211 4324 eriget
1228 4255 1276 4310 vel
1293 4257 1432 4325 tujuetum
1449 4256 1589 4326 judicium
1607 4257 1728 4328 induet.
1752 4253 1822 4314 D.B.

423 4355 467 4423 ιδ)
504 4351 682 4406 edinueuerit
700 4361 727 4401 et
746 4349 913 4416 judicaverit
929 4347 981 4402 ne.
998 4349 1036 4403 H.

421 4452 465 4522 ις)
500 4464 553 4518 pro
571 4447 683 4498 lesione
701 4445 748 4497 sel
765 4445 859 4513 ulique
876 4449 1002 4514 pecunie
1021 4429 1216 4514 susceptione,
1236 4449 1273 4500 sit
1292 4444 1342 4500 dte.
1357 4445 1391 4502 Β.

419 4548 465 4614 20)
501 4548 539 4598 eit
558 4541 634 4613 epod
652 4555 747 4611 regem
765 4544 863 4608 cepttte
882 4543 1072 4598 eeumeuonie
1090 4557 1156 4598 reue
1174 4545 1206 4599 tu
1221 4541 1373 4615 Engldege
1389 4541 1427 4602 Δ.
1624 4545 1673 4613 ιιι)
1706 4541 1799 4600 CXX.
1817 4541 1887 4600 ΒΒ.
