<?xml version="1.0" encoding="UTF-8"?>
<!DOCTYPE html PUBLIC "-//W3C//DTD XHTML 1.0 Transitional//EN"
    "http://www.w3.org/TR/xhtml1/DTD/xhtml1-transitional.dtd">
<html xmlns="http://www.w3.org/1999/xhtml" xml:lang="en" lang="en">
 <head>
  <title>
</title>
<meta http-equiv="Content-Type" content="text/html;charset=utf-8" />
  <meta name='ocr-system' content='tesseract 3.04.00' />
  <meta name='ocr-capabilities' content='ocr_page ocr_carea ocr_par ocr_line ocrx_word'/>
</head>
<body>
  <div class='ocr_page' id='page_1' title='image "./legumregiscanut00britgoog/legumregiscanut00britgoog_0036.png"; bbox 0 0 4368 5222; ppageno 0'>
   <div class='ocr_carea' id='block_1_1' title="bbox 471 489 523 574">
    <p class='ocr_par' dir='ltr' id='par_1_1' title="bbox 471 489 523 574">
     <span class='ocr_line' id='line_1_1' title="bbox 471 489 523 574; baseline 0 0"><span class='ocrx_word' id='word_1_1' title='bbox 471 489 523 574; x_wconf 75' lang='grc'><strong>18</strong></span> 
     </span>
    </p>
   </div>
   <div class='ocr_carea' id='block_1_2' title="bbox 415 665 2007 1574">
    <p class='ocr_par' dir='ltr' id='par_1_2' title="bbox 415 665 2007 1574">
     <span class='ocr_line' id='line_1_2' title="bbox 426 665 2007 780; baseline -0.002 -17"><span class='ocrx_word' id='word_1_2' title='bbox 426 700 530 780; x_wconf 80' lang='lat' dir='ltr'><strong>rant,</strong></span> <span class='ocrx_word' id='word_1_3' title='bbox 544 685 580 778; x_wconf 83' lang='lat'><strong>¹)</strong></span> <span class='ocrx_word' id='word_1_4' title='bbox 628 685 823 754; x_wconf 84' lang='lat' dir='ltr'><strong>secundum</strong></span> <span class='ocrx_word' id='word_1_5' title='bbox 844 685 1007 757; x_wconf 82' lang='lat' dir='ltr'><strong>ordinem</strong></span> <span class='ocrx_word' id='word_1_6' title='bbox 1031 681 1326 774; x_wconf 86' lang='lat' dir='ltr'><strong>uniuscujusque,</strong></span> <span class='ocrx_word' id='word_1_7' title='bbox 1368 680 1568 751; x_wconf 74' lang='lat' dir='ltr'><strong>castitatem</strong></span> <span class='ocrx_word' id='word_1_8' title='bbox 1595 697 1757 774; x_wconf 85' lang='lat' dir='ltr'><strong>servent,</strong></span> <span class='ocrx_word' id='word_1_9' title='bbox 1782 665 1827 754; x_wconf 83' lang='lat' dir='ltr'><strong>ab</strong></span> <span class='ocrx_word' id='word_1_10' title='bbox 1854 687 1925 758; x_wconf 86' lang='lat' dir='ltr'><strong>Dei</strong></span> <span class='ocrx_word' id='word_1_11' title='bbox 1949 692 2007 759; x_wconf 85' lang='lat' dir='ltr'><strong>ire</strong></span> 
     </span>
     <span class='ocr_line' id='line_1_3' title="bbox 427 809 2002 906; baseline -0.001 -14"><span class='ocrx_word' id='word_1_12' title='bbox 427 823 494 892; x_wconf 86' lang='lat' dir='ltr'><strong>sibi</strong></span> <span class='ocrx_word' id='word_1_13' title='bbox 527 827 691 905; x_wconf 82' lang='lat' dir='ltr'><strong>caveant,</strong></span> <span class='ocrx_word' id='word_1_14' title='bbox 739 825 778 885; x_wconf 88' lang='lat' dir='ltr'><strong>et</strong></span> <span class='ocrx_word' id='word_1_15' title='bbox 806 815 893 888; x_wconf 89' lang='lat' dir='ltr'><strong>alios</strong></span> <span class='ocrx_word' id='word_1_16' title='bbox 924 813 1076 887; x_wconf 82' lang='lat' dir='ltr'><strong>vivendo</strong></span> <span class='ocrx_word' id='word_1_17' title='bbox 1109 809 1148 884; x_wconf 67' lang='grc' dir='ltr'><strong>ὃς</strong></span> <span class='ocrx_word' id='word_1_18' title='bbox 1178 815 1360 883; x_wconf 87' lang='lat' dir='ltr'><strong>monendo</strong></span> <span class='ocrx_word' id='word_1_19' title='bbox 1391 816 1584 906; x_wconf 77' lang='lat' dir='ltr'><strong>castigent,</strong></span> <span class='ocrx_word' id='word_1_20' title='bbox 1635 826 1675 884; x_wconf 91' lang='lat' dir='ltr'><strong>ut</strong></span> <span class='ocrx_word' id='word_1_21' title='bbox 1698 839 1737 886; x_wconf 88' lang='lat' dir='ltr'><strong>se</strong></span> <span class='ocrx_word' id='word_1_22' title='bbox 1761 815 1807 886; x_wconf 90' lang='lat' dir='ltr'><strong>ab</strong></span> <span class='ocrx_word' id='word_1_23' title='bbox 1833 815 2002 890; x_wconf 76' lang='lat' dir='ltr'><strong>infernali</strong></span> 
     </span>
     <span class='ocr_line' id='line_1_4' title="bbox 426 945 2004 1044; baseline 0.002 -24"><span class='ocrx_word' id='word_1_24' title='bbox 426 949 593 1020; x_wconf 86' lang='lat' dir='ltr'><strong>inccndio</strong></span> <span class='ocrx_word' id='word_1_25' title='bbox 618 948 829 1018; x_wconf 82' lang='lat' dir='ltr'><strong>custodiant.</strong></span> <span class='ocrx_word' id='word_1_26' title='bbox 876 945 1023 1034; x_wconf 87' lang='lat' dir='ltr'><strong>Optime</strong></span> <span class='ocrx_word' id='word_1_27' title='bbox 1049 945 1145 1014; x_wconf 88' lang='lat' dir='ltr'><strong>enim</strong></span> <span class='ocrx_word' id='word_1_28' title='bbox 1163 955 1300 1014; x_wconf 89' lang='lat' dir='ltr'><strong>norunt</strong></span> <span class='ocrx_word' id='word_1_29' title='bbox 1324 947 1481 1036; x_wconf 74' lang='lat' dir='ltr'><strong>episcopi</strong></span> <span class='ocrx_word' id='word_1_30' title='bbox 1507 945 1678 1019; x_wconf 84' lang='lat' dir='ltr'><strong>&amp;ceteri</strong></span> <span class='ocrx_word' id='word_1_31' title='bbox 1702 949 1865 1038; x_wconf 77' lang='lat' dir='ltr'><strong>ordines,</strong></span> <span class='ocrx_word' id='word_1_32' title='bbox 1913 973 2004 1044; x_wconf 86' lang='lat' dir='ltr'><strong>quos</strong></span> 
     </span>
     <span class='ocr_line' id='line_1_5' title="bbox 425 1074 2005 1175; baseline 0.001 -25"><span class='ocrx_word' id='word_1_33' title='bbox 425 1101 535 1171; x_wconf 85' lang='lat' dir='ltr'><strong>supra</strong></span> <span class='ocrx_word' id='word_1_34' title='bbox 559 1077 818 1175; x_wconf 82' lang='lat' dir='ltr'><strong>memorari,²)</strong></span> <span class='ocrx_word' id='word_1_35' title='bbox 866 1077 963 1170; x_wconf 91' lang='lat' dir='ltr'><strong>quod</strong></span> <span class='ocrx_word' id='word_1_36' title='bbox 987 1074 1056 1146; x_wconf 87' lang='lat' dir='ltr'><strong>illis</strong></span> <span class='ocrx_word' id='word_1_37' title='bbox 1081 1075 1181 1146; x_wconf 90' lang='lat' dir='ltr'><strong>nullo</strong></span> <span class='ocrx_word' id='word_1_38' title='bbox 1206 1078 1313 1148; x_wconf 89' lang='lat' dir='ltr'><strong>modo</strong></span> <span class='ocrx_word' id='word_1_39' title='bbox 1333 1076 1419 1146; x_wconf 87' lang='lat' dir='ltr'><strong>licet</strong></span> <span class='ocrx_word' id='word_1_40' title='bbox 1442 1077 1578 1148; x_wconf 87' lang='lat' dir='ltr'><strong>habere</strong></span> <span class='ocrx_word' id='word_1_41' title='bbox 1604 1083 1894 1152; x_wconf 87' lang='lat' dir='ltr'><strong>communionem</strong></span> <span class='ocrx_word' id='word_1_42' title='bbox 1918 1105 2005 1154; x_wconf 88' lang='lat' dir='ltr'><strong>mu-</strong></span> 
     </span>
     <span class='ocr_line' id='line_1_6' title="bbox 415 1207 2005 1314; baseline 0.004 -37"><span class='ocrx_word' id='word_1_43' title='bbox 415 1212 574 1294; x_wconf 67' lang='lat' dir='ltr'><strong>ltatur,</strong></span> <span class='ocrx_word' id='word_1_44' title='bbox 617 1233 688 1286; x_wconf 85' lang='lat' dir='ltr'><strong>nee</strong></span> <span class='ocrx_word' id='word_1_45' title='bbox 709 1229 803 1290; x_wconf 74' lang='lat' dir='ltr'><strong>,estu</strong></span> <span class='ocrx_word' id='word_1_46' title='bbox 828 1207 903 1284; x_wconf 77' lang='lat' dir='ltr'><strong>illie</strong></span> <span class='ocrx_word' id='word_1_47' title='bbox 935 1210 1044 1282; x_wconf 78' lang='lat' dir='ltr'><strong>coire.</strong></span> <span class='ocrx_word' id='word_1_48' title='bbox 1120 1208 1195 1298; x_wconf 88' lang='lat' dir='ltr'><strong>Qui</strong></span> <span class='ocrx_word' id='word_1_49' title='bbox 1230 1219 1351 1284; x_wconf 71' lang='lat' dir='ltr'><strong>mrem</strong></span> <span class='ocrx_word' id='word_1_50' title='bbox 1377 1208 1507 1282; x_wconf 82' lang='lat' dir='ltr'><strong>abhinc</strong></span> <span class='ocrx_word' id='word_1_51' title='bbox 1534 1234 1556 1280; x_wconf 88' lang='lat' dir='ltr'><strong>e</strong></span> <span class='ocrx_word' id='word_1_52' title='bbox 1581 1211 1646 1302; x_wconf 81' lang='lat' dir='ltr'><strong>tuli</strong></span> <span class='ocrx_word' id='word_1_53' title='bbox 1666 1235 1779 1302; x_wconf 88' lang='lat' dir='ltr'><strong>opere</strong></span> <span class='ocrx_word' id='word_1_54' title='bbox 1805 1235 1944 1314; x_wconf 61' lang='lat' dir='ltr'><strong>cessem</strong></span> <span class='ocrx_word' id='word_1_55' title='bbox 1966 1223 2005 1284; x_wconf 89' lang='lat' dir='ltr'><strong>et</strong></span> 
     </span>
     <span class='ocr_line' id='line_1_7' title="bbox 423 1339 2004 1441; baseline 0.001 -26"><span class='ocrx_word' id='word_1_56' title='bbox 423 1347 629 1424; x_wconf 52' lang='lat' dir='ltr'><strong>usmete*</strong></span> <span class='ocrx_word' id='word_1_57' title='bbox 641 1342 833 1426; x_wconf 37' lang='lat' dir='ltr'><strong>,cunctim</strong></span> <span class='ocrx_word' id='word_1_58' title='bbox 853 1339 1076 1441; x_wconf 56' lang='lat' dir='ltr'><strong>remeunt)</strong></span> <span class='ocrx_word' id='word_1_59' title='bbox 1123 1342 1403 1430; x_wconf 69' lang='lat' dir='ltr'><strong>misericordiam</strong></span> <span class='ocrx_word' id='word_1_60' title='bbox 1425 1343 1496 1419; x_wconf 88' lang='lat' dir='ltr'><strong>Dei</strong></span> <span class='ocrx_word' id='word_1_61' title='bbox 1516 1341 1674 1432; x_wconf 80' lang='lat' dir='ltr'><strong>habeat,</strong></span> <span class='ocrx_word' id='word_1_62' title='bbox 1694 1352 1791 1434; x_wconf 55' lang='lat' dir='ltr'><strong>et„</strong></span> <span class='ocrx_word' id='word_1_63' title='bbox 1805 1346 2004 1424; x_wconf 80' lang='lat' dir='ltr'><strong>seeundum</strong></span> 
     </span>
     <span class='ocr_line' id='line_1_8' title="bbox 417 1472 1744 1574; baseline -0.003 -26"><span class='ocrx_word' id='word_1_64' title='bbox 417 1476 532 1556; x_wconf 83' lang='lat' dir='ltr'><strong>aeculi</strong></span> <span class='ocrx_word' id='word_1_65' title='bbox 551 1478 784 1574; x_wconf 54' lang='lat' dir='ltr'><strong>diffiniens,</strong></span> <span class='ocrx_word' id='word_1_66' title='bbox 804 1473 1029 1567; x_wconf 81' lang='lat' dir='ltr'><strong>libertatem,</strong></span> <span class='ocrx_word' id='word_1_67' title='bbox 1048 1497 1158 1574; x_wconf 80' lang='lat' dir='ltr'><strong>quant</strong></span> <span class='ocrx_word' id='word_1_68' title='bbox 1180 1473 1289 1565; x_wconf 80' lang='lat' dir='ltr'><strong>Angli</strong></span> <span class='ocrx_word' id='word_1_69' title='bbox 1311 1485 1440 1547; x_wconf 79' lang='lat' dir='ltr'><strong>vocant</strong></span> <span class='ocrx_word' id='word_1_70' title='bbox 1458 1472 1696 1573; x_wconf 78' lang='lat' dir='ltr'><strong>Pegenacipe.</strong></span> <span class='ocrx_word' id='word_1_71' title='bbox 1707 1473 1744 1572; x_wconf 86' lang='lat'><strong>⁴)</strong></span> 
     </span>
    </p>
   </div>
   <div class='ocr_carea' id='block_1_3' title="bbox 413 1605 2004 3020">
    <p class='ocr_par' dir='ltr' id='par_1_3' title="bbox 814 1605 1601 1704">
     <span class='ocr_line' id='line_1_9' title="bbox 814 1605 1601 1704; baseline -0.008 -20"><span class='ocrx_word' id='word_1_72' title='bbox 814 1618 873 1692; x_wconf 80' lang='lat'><strong>15.</strong></span> <span class='ocrx_word' id='word_1_73' title='bbox 893 1606 932 1704; x_wconf 81' lang='lat'><strong>(6</strong></span> <span class='ocrx_word' id='word_1_74' title='bbox 951 1605 991 1681; x_wconf 67' lang='lat' dir='ltr'><strong>a&amp;</strong></span> <span class='ocrx_word' id='word_1_75' title='bbox 1015 1605 1066 1703; x_wconf 85' lang='grc'><strong>7.)</strong></span> <span class='ocrx_word' id='word_1_76' title='bbox 1114 1607 1329 1702; x_wconf 82' lang='lat' dir='ltr'><strong>Capitulum</strong></span> <span class='ocrx_word' id='word_1_77' title='bbox 1345 1607 1377 1702; x_wconf 81' lang='grc' dir='ltr'><strong>Ι)</strong></span> <span class='ocrx_word' id='word_1_78' title='bbox 1401 1629 1601 1680; x_wconf 82' lang='lat' dir='ltr'><strong>commune.</strong></span> 
     </span>
    </p>

    <p class='ocr_par' dir='ltr' id='par_1_4' title="bbox 413 1723 2004 3020">
     <span class='ocr_line' id='line_1_10' title="bbox 472 1723 2003 1841; baseline 0.001 -28"><span class='ocrx_word' id='word_1_79' title='bbox 472 1723 476 1737; x_wconf 39' lang='lat'>¹</span> <span class='ocrx_word' id='word_1_80' title='bbox 554 1743 712 1820; x_wconf 79' lang='lat' dir='ltr'><strong>Omnem</strong></span> <span class='ocrx_word' id='word_1_81' title='bbox 729 1744 846 1818; x_wconf 74' lang='lat' dir='ltr'><strong>,atam</strong></span> <span class='ocrx_word' id='word_1_82' title='bbox 864 1741 1111 1812; x_wconf 74' lang='lat' dir='ltr'><strong>Christianum</strong></span> <span class='ocrx_word' id='word_1_83' title='bbox 1123 1735 1158 1827; x_wconf 80' lang='lat'><strong>⁶)</strong></span> <span class='ocrx_word' id='word_1_84' title='bbox 1184 1739 1317 1808; x_wconf 85' lang='lat' dir='ltr'><strong>obnixe</strong></span> <span class='ocrx_word' id='word_1_85' title='bbox 1340 1760 1553 1827; x_wconf 85' lang='lat' dir='ltr'><strong>precemur,</strong></span> <span class='ocrx_word' id='word_1_86' title='bbox 1594 1739 1872 1841; x_wconf 77' lang='lat' dir='ltr'><strong>fornicationem</strong></span> <span class='ocrx_word' id='word_1_87' title='bbox 1895 1741 2003 1816; x_wconf 79' lang='lat' dir='ltr'><strong>deti-</strong></span> 
     </span>
     <span class='ocr_line' id='line_1_11' title="bbox 414 1865 2004 1966; baseline 0.001 -27"><span class='ocrx_word' id='word_1_88' title='bbox 414 1883 517 1962; x_wconf 73' lang='lat' dir='ltr'><strong>taro,</strong></span> <span class='ocrx_word' id='word_1_89' title='bbox 564 1871 664 1962; x_wconf 76' lang='lat' dir='ltr'><strong>leges</strong></span> <span class='ocrx_word' id='word_1_90' title='bbox 695 1879 734 1944; x_wconf 83' lang='lat' dir='ltr'><strong>et</strong></span> <span class='ocrx_word' id='word_1_91' title='bbox 756 1877 927 1960; x_wconf 77' lang='lat' dir='ltr'><strong>precepta</strong></span> <span class='ocrx_word' id='word_1_92' title='bbox 950 1867 1022 1938; x_wconf 86' lang='lat' dir='ltr'><strong>Dei</strong></span> <span class='ocrx_word' id='word_1_93' title='bbox 1046 1865 1235 1956; x_wconf 77' lang='lat' dir='ltr'><strong>diligenter</strong></span> <span class='ocrx_word' id='word_1_94' title='bbox 1256 1868 1444 1938; x_wconf 84' lang='lat' dir='ltr'><strong>cssatodire.</strong></span> <span class='ocrx_word' id='word_1_95' title='bbox 1502 1867 1586 1940; x_wconf 88' lang='lat' dir='ltr'><strong>Hoc</strong></span> <span class='ocrx_word' id='word_1_96' title='bbox 1609 1892 1750 1964; x_wconf 84' lang='lat' dir='ltr'><strong>quoque</strong></span> <span class='ocrx_word' id='word_1_97' title='bbox 1774 1897 1942 1966; x_wconf 73' lang='lat' dir='ltr'><strong>regamus</strong></span> <span class='ocrx_word' id='word_1_98' title='bbox 1964 1887 2004 1948; x_wconf 86' lang='lat' dir='ltr'><strong>et</strong></span> 
     </span>
     <span class='ocr_line' id='line_1_12' title="bbox 416 1995 2000 2092; baseline -0.005 -10"><span class='ocrx_word' id='word_1_99' title='bbox 416 2005 460 2082; x_wconf 70' lang='lat' dir='ltr'><strong>fin</strong></span> <span class='ocrx_word' id='word_1_100' title='bbox 482 2003 636 2078; x_wconf 68' lang='lat' dir='ltr'><strong>somine</strong></span> <span class='ocrx_word' id='word_1_101' title='bbox 652 1999 785 2078; x_wconf 79' lang='lat' dir='ltr'><strong>Gltn‘sii</strong></span> <span class='ocrx_word' id='word_1_102' title='bbox 796 1995 830 2090; x_wconf 84' lang='lat'><strong>⁷)</strong></span> <span class='ocrx_word' id='word_1_103' title='bbox 854 1999 1089 2090; x_wconf 80' lang='lat' dir='ltr'><strong>precipimus,</strong></span> <span class='ocrx_word' id='word_1_104' title='bbox 1120 2007 1164 2067; x_wconf 87' lang='lat' dir='ltr'><strong>ut</strong></span> <span class='ocrx_word' id='word_1_105' title='bbox 1185 1996 1305 2070; x_wconf 90' lang='lat' dir='ltr'><strong>nullus</strong></span> <span class='ocrx_word' id='word_1_106' title='bbox 1330 1997 1555 2073; x_wconf 75' lang='lat' dir='ltr'><strong>Christianus</strong></span> <span class='ocrx_word' id='word_1_107' title='bbox 1579 2003 1731 2092; x_wconf 86' lang='lat' dir='ltr'><strong>accipiat</strong></span> <span class='ocrx_word' id='word_1_108' title='bbox 1753 2005 1833 2079; x_wconf 81' lang='lat' dir='ltr'><strong>sibi</strong></span> <span class='ocrx_word' id='word_1_109' title='bbox 1847 2025 2000 2078; x_wconf 84' lang='lat' dir='ltr'><strong>uxorem</strong></span> 
     </span>
     <span class='ocr_line' id='line_1_13' title="bbox 422 2127 2000 2230; baseline -0.004 -26"><span class='ocrx_word' id='word_1_110' title='bbox 422 2129 563 2226; x_wconf 84' lang='lat' dir='ltr'><strong>infra⁸)</strong></span> <span class='ocrx_word' id='word_1_111' title='bbox 588 2140 727 2201; x_wconf 84' lang='lat' dir='ltr'><strong>sextum</strong></span> <span class='ocrx_word' id='word_1_112' title='bbox 755 2153 867 2225; x_wconf 85' lang='lat' dir='ltr'><strong>genu,</strong></span> <span class='ocrx_word' id='word_1_113' title='bbox 909 2132 1038 2200; x_wconf 87' lang='lat' dir='ltr'><strong>necin</strong></span> <span class='ocrx_word' id='word_1_114' title='bbox 1063 2127 1189 2198; x_wconf 90' lang='lat' dir='ltr'><strong>relicta</strong></span> <span class='ocrx_word' id='word_1_115' title='bbox 1209 2151 1345 2214; x_wconf 84' lang='lat' dir='ltr'><strong>uxore,</strong></span> <span class='ocrx_word' id='word_1_116' title='bbox 1391 2153 1460 2224; x_wconf 88' lang='lat' dir='ltr'><strong>que</strong></span> <span class='ocrx_word' id='word_1_117' title='bbox 1481 2133 1533 2200; x_wconf 86' lang='lat' dir='ltr'><strong>ita</strong></span> <span class='ocrx_word' id='word_1_118' title='bbox 1558 2130 1630 2206; x_wconf 77' lang='lat' dir='ltr'><strong>fnit</strong></span> <span class='ocrx_word' id='word_1_119' title='bbox 1653 2133 1903 2230; x_wconf 74' lang='lat' dir='ltr'><strong>propinqu02)</strong></span> <span class='ocrx_word' id='word_1_120' title='bbox 1928 2160 2000 2229; x_wconf 69' lang='lat' dir='ltr'><strong>pa.</strong></span> 
     </span>
     <span class='ocr_line' id='line_1_14' title="bbox 421 2233 1996 2362; baseline 0.001 -24"><span class='ocrx_word' id='word_1_121' title='bbox 421 2268 517 2339; x_wconf 89' lang='lat' dir='ltr'><strong>renti</strong></span> <span class='ocrx_word' id='word_1_122' title='bbox 541 2266 749 2359; x_wconf 84' lang='lat' dir='ltr'><strong>conjuncta,</strong></span> <span class='ocrx_word' id='word_1_123' title='bbox 779 2241 847 2335; x_wconf 87' lang='lat' dir='ltr'><strong>nec</strong></span> <span class='ocrx_word' id='word_1_124' title='bbox 870 2265 910 2334; x_wconf 91' lang='lat' dir='ltr'><strong>in</strong></span> <span class='ocrx_word' id='word_1_125' title='bbox 929 2261 1116 2354; x_wconf 81' lang='lat' dir='ltr'><strong>parentela</strong></span> <span class='ocrx_word' id='word_1_126' title='bbox 1129 2255 1186 2354; x_wconf 83' lang='lat'><strong>¹0)</strong></span> <span class='ocrx_word' id='word_1_127' title='bbox 1199 2233 1334 2338; x_wconf 73' lang='lat' dir='ltr'><strong>‚uxoris</strong></span> <span class='ocrx_word' id='word_1_128' title='bbox 1353 2285 1433 2352; x_wconf 88' lang='lat' dir='ltr'><strong>sue,</strong></span> <span class='ocrx_word' id='word_1_129' title='bbox 1460 2287 1567 2357; x_wconf 90' lang='lat' dir='ltr'><strong>quam</strong></span> <span class='ocrx_word' id='word_1_130' title='bbox 1590 2276 1673 2335; x_wconf 88' lang='lat' dir='ltr'><strong>ante</strong></span> <span class='ocrx_word' id='word_1_131' title='bbox 1696 2265 1841 2349; x_wconf 88' lang='lat' dir='ltr'><strong>habuit,</strong></span> <span class='ocrx_word' id='word_1_132' title='bbox 1864 2291 1932 2362; x_wconf 89' lang='lat' dir='ltr'><strong>nec</strong></span> <span class='ocrx_word' id='word_1_133' title='bbox 1956 2274 1996 2340; x_wconf 88' lang='lat' dir='ltr'><strong>in</strong></span> 
     </span>
     <span class='ocr_line' id='line_1_15' title="bbox 414 2395 1996 2492; baseline -0.003 -20"><span class='ocrx_word' id='word_1_134' title='bbox 414 2395 691 2492; x_wconf 63' lang='lat' dir='ltr'><strong>cosnaucbw)</strong></span> <span class='ocrx_word' id='word_1_135' title='bbox 712 2420 795 2487; x_wconf 82' lang='lat' dir='ltr'><strong>assa,</strong></span> <span class='ocrx_word' id='word_1_136' title='bbox 842 2419 911 2470; x_wconf 79' lang='lat' dir='ltr'><strong>neo</strong></span> <span class='ocrx_word' id='word_1_137' title='bbox 929 2397 972 2474; x_wconf 82' lang='lat' dir='ltr'><strong>a&#39;n</strong></span> <span class='ocrx_word' id='word_1_138' title='bbox 989 2404 1202 2470; x_wconf 66' lang='lat' dir='ltr'><strong>consancta</strong></span> <span class='ocrx_word' id='word_1_139' title='bbox 1221 2395 1499 2485; x_wconf 81' lang='lat' dir='ltr'><strong>sanctimoniali,</strong></span> <span class='ocrx_word' id='word_1_140' title='bbox 1534 2407 1758 2487; x_wconf 82' lang='lat' dir='ltr'><strong>autnonna,</strong></span> <span class='ocrx_word' id='word_1_141' title='bbox 1785 2402 1916 2470; x_wconf 83' lang='lat' dir='ltr'><strong>necin</strong></span> <span class='ocrx_word' id='word_1_142' title='bbox 1938 2399 1996 2468; x_wconf 87' lang='lat' dir='ltr'><strong>al-</strong></span> 
     </span>
     <span class='ocr_line' id='line_1_16' title="bbox 419 2525 1997 2626; baseline -0.001 -23"><span class='ocrx_word' id='word_1_143' title='bbox 419 2536 534 2608; x_wconf 69' lang='lat' dir='ltr'><strong>mriue</strong></span> <span class='ocrx_word' id='word_1_144' title='bbox 556 2529 699 2620; x_wconf 65' lang='lat' dir='ltr'><strong>tellau,</strong></span> <span class='ocrx_word' id='word_1_145' title='bbox 737 2551 846 2622; x_wconf 85' lang='lat' dir='ltr'><strong>quam</strong></span> <span class='ocrx_word' id='word_1_146' title='bbox 873 2525 981 2619; x_wconf 78' lang='lat' dir='ltr'><strong>Angli</strong></span> <span class='ocrx_word' id='word_1_147' title='bbox 1005 2536 1135 2600; x_wconf 82' lang='lat' dir='ltr'><strong>vocant</strong></span> <span class='ocrx_word' id='word_1_148' title='bbox 1158 2526 1275 2614; x_wconf 70' lang='lat' dir='ltr'><strong>odrae</strong></span> <span class='ocrx_word' id='word_1_149' title='bbox 1296 2549 1453 2604; x_wconf 80' lang='lat' dir='ltr'><strong>mannes</strong></span> <span class='ocrx_word' id='word_1_150' title='bbox 1479 2528 1615 2602; x_wconf 71' lang='lat' dir='ltr'><strong>adleta.</strong></span> <span class='ocrx_word' id='word_1_151' title='bbox 1633 2531 1690 2626; x_wconf 85' lang='lat'><strong>¹²)</strong></span> <span class='ocrx_word' id='word_1_152' title='bbox 1763 2529 1929 2620; x_wconf 85' lang='lat' dir='ltr'><strong>Talibus,</strong></span> <span class='ocrx_word' id='word_1_153' title='bbox 1955 2542 1997 2610; x_wconf 86' lang='lat' dir='ltr'><strong>ut</strong></span> 
     </span>
     <span class='ocr_line' id='line_1_17' title="bbox 414 2659 1993 2756; baseline -0.001 -20"><span class='ocrx_word' id='word_1_154' title='bbox 414 2663 598 2748; x_wconf 70' lang='lat' dir='ltr'><strong>dicimus,</strong></span> <span class='ocrx_word' id='word_1_155' title='bbox 622 2659 968 2739; x_wconf 65' lang='lat' dir='ltr'><strong>namucensem</strong></span> <span class='ocrx_word' id='word_1_156' title='bbox 993 2660 1187 2746; x_wconf 68' lang='lat' dir='ltr'><strong>sejungat,</strong></span> <span class='ocrx_word' id='word_1_157' title='bbox 1210 2683 1277 2732; x_wconf 87' lang='lat' dir='ltr'><strong>neo</strong></span> <span class='ocrx_word' id='word_1_158' title='bbox 1292 2660 1426 2731; x_wconf 85' lang='lat' dir='ltr'><strong>babeat</strong></span> <span class='ocrx_word' id='word_1_159' title='bbox 1441 2665 1511 2734; x_wconf 83' lang='lat' dir='ltr'><strong>nisi</strong></span> <span class='ocrx_word' id='word_1_160' title='bbox 1525 2673 1536 2704; x_wconf 89' lang='lat'>¹</span> <span class='ocrx_word' id='word_1_161' title='bbox 1549 2659 1581 2755; x_wconf 89' lang='lat'><strong>³)</strong></span> <span class='ocrx_word' id='word_1_162' title='bbox 1608 2685 1781 2749; x_wconf 76' lang='lat' dir='ltr'><strong>uxorem,</strong></span> <span class='ocrx_word' id='word_1_163' title='bbox 1803 2687 1883 2756; x_wconf 82' lang='lat' dir='ltr'><strong>quae</strong></span> <span class='ocrx_word' id='word_1_164' title='bbox 1899 2667 1947 2736; x_wconf 81' lang='lat' dir='ltr'><strong>ait</strong></span> <span class='ocrx_word' id='word_1_165' title='bbox 1960 2668 1993 2734; x_wconf 92' lang='lat' dir='ltr'><strong>ei</strong></span> 
     </span>
     <span class='ocr_line' id='line_1_18' title="bbox 413 2786 1994 2886; baseline -0.003 -18"><span class='ocrx_word' id='word_1_166' title='bbox 413 2793 582 2882; x_wconf 67' lang='lat' dir='ltr'><strong>tatiana</strong></span> <span class='ocrx_word' id='word_1_167' title='bbox 616 2793 850 2880; x_wconf 72' lang='lat' dir='ltr'><strong>desponsata,</strong></span> <span class='ocrx_word' id='word_1_168' title='bbox 898 2809 1012 2880; x_wconf 81' lang='lat' dir='ltr'><strong>esque</strong></span> <span class='ocrx_word' id='word_1_169' title='bbox 1037 2786 1134 2878; x_wconf 87' lang='lat' dir='ltr'><strong>sola,</strong></span> <span class='ocrx_word' id='word_1_170' title='bbox 1168 2790 1269 2860; x_wconf 87' lang='lat' dir='ltr'><strong>dnm</strong></span> <span class='ocrx_word' id='word_1_171' title='bbox 1302 2792 1408 2882; x_wconf 77' lang='lat' dir='ltr'><strong>sivit,</strong></span> <span class='ocrx_word' id='word_1_172' title='bbox 1454 2815 1541 2866; x_wconf 87' lang='lat' dir='ltr'><strong>sana</strong></span> <span class='ocrx_word' id='word_1_173' title='bbox 1564 2805 1602 2864; x_wconf 90' lang='lat' dir='ltr'><strong>et</strong></span> <span class='ocrx_word' id='word_1_174' title='bbox 1622 2794 1782 2886; x_wconf 84' lang='lat' dir='ltr'><strong>infirma,</strong></span> <span class='ocrx_word' id='word_1_175' title='bbox 1830 2798 1879 2866; x_wconf 91' lang='lat' dir='ltr'><strong>sit</strong></span> <span class='ocrx_word' id='word_1_176' title='bbox 1902 2819 1994 2871; x_wconf 65' lang='lat' dir='ltr'><strong>oon-</strong></span> 
     </span>
     <span class='ocr_line' id='line_1_19' title="bbox 417 2919 1478 3020; baseline -0.005 0"><span class='ocrx_word' id='word_1_177' title='bbox 417 2919 624 3020; x_wconf 68' lang='lat' dir='ltr'><strong>enwc</strong></span> <span class='ocrx_word' id='word_1_178' title='bbox 1475 2955 1478 2960; x_wconf 94' lang='lat'>·</span> 
     </span>
    </p>
   </div>
   <div class='ocr_carea' id='block_1_4' title="bbox 373 3199 1994 4190">
    <p class='ocr_par' dir='ltr' id='par_1_5' title="bbox 459 3199 1994 3778">
     <span class='ocr_line' id='line_1_20' title="bbox 459 3199 1992 3274; baseline 0 -11"><span class='ocrx_word' id='word_1_179' title='bbox 459 3214 484 3272; x_wconf 89' lang='grc' dir='ltr'><strong>ι)</strong></span> <span class='ocrx_word' id='word_1_180' title='bbox 517 3207 552 3262; x_wconf 88' lang='grc' dir='ltr'><strong>Η.</strong></span> <span class='ocrx_word' id='word_1_181' title='bbox 569 3207 634 3260; x_wconf 82' lang='lat' dir='ltr'><strong>cdd.</strong></span> <span class='ocrx_word' id='word_1_182' title='bbox 652 3207 725 3257; x_wconf 90' lang='lat' dir='ltr'><strong>sicnt</strong></span> <span class='ocrx_word' id='word_1_183' title='bbox 742 3202 876 3258; x_wconf 78' lang='lat' dir='ltr'><strong>diximus·</strong></span> <span class='ocrx_word' id='word_1_184' title='bbox 892 3233 923 3246; x_wconf 91' lang='lat'><em>-</em></span> <span class='ocrx_word' id='word_1_185' title='bbox 937 3199 1007 3260; x_wconf 65' lang='grc' dir='ltr'><strong>ΠΒ.</strong></span> <span class='ocrx_word' id='word_1_186' title='bbox 1023 3201 1067 3255; x_wconf 84' lang='lat' dir='ltr'><strong>a&#39;ta</strong></span> <span class='ocrx_word' id='word_1_187' title='bbox 1083 3201 1202 3256; x_wconf 78' lang='lat' dir='ltr'><strong>babent:</strong></span> <span class='ocrx_word' id='word_1_188' title='bbox 1220 3201 1320 3256; x_wconf 88' lang='lat' dir='ltr'><strong>diebus</strong></span> <span class='ocrx_word' id='word_1_189' title='bbox 1339 3213 1368 3256; x_wconf 87' lang='lat' dir='ltr'><strong>et</strong></span> <span class='ocrx_word' id='word_1_190' title='bbox 1382 3203 1514 3258; x_wconf 82' lang='lat' dir='ltr'><strong>noctibas</strong></span> <span class='ocrx_word' id='word_1_191' title='bbox 1531 3210 1628 3274; x_wconf 80' lang='lat' dir='ltr'><strong>sapius</strong></span> <span class='ocrx_word' id='word_1_192' title='bbox 1645 3215 1675 3259; x_wconf 85' lang='lat' dir='ltr'><strong>et</strong></span> <span class='ocrx_word' id='word_1_193' title='bbox 1691 3207 1802 3262; x_wconf 84' lang='lat' dir='ltr'><strong>assidue</strong></span> <span class='ocrx_word' id='word_1_194' title='bbox 1817 3209 1936 3262; x_wconf 86' lang='lat' dir='ltr'><strong>clament</strong></span> <span class='ocrx_word' id='word_1_195' title='bbox 1953 3209 1992 3263; x_wconf 85' lang='lat' dir='ltr'><strong>ad</strong></span> 
     </span>
     <span class='ocr_line' id='line_1_21' title="bbox 550 3304 1994 3378; baseline -0.001 -15"><span class='ocrx_word' id='word_1_196' title='bbox 550 3309 644 3362; x_wconf 87' lang='lat' dir='ltr'><strong>Deum</strong></span> <span class='ocrx_word' id='word_1_197' title='bbox 663 3323 716 3376; x_wconf 87' lang='lat' dir='ltr'><strong>pro</strong></span> <span class='ocrx_word' id='word_1_198' title='bbox 734 3305 880 3360; x_wconf 78' lang='lat' dir='ltr'><strong>christiani</strong></span> <span class='ocrx_word' id='word_1_199' title='bbox 896 3320 1009 3358; x_wconf 87' lang='lat' dir='ltr'><strong>necesse</strong></span> <span class='ocrx_word' id='word_1_200' title='bbox 1027 3306 1142 3375; x_wconf 82' lang='lat' dir='ltr'><strong>populi,</strong></span> <span class='ocrx_word' id='word_1_201' title='bbox 1178 3315 1207 3358; x_wconf 87' lang='lat' dir='ltr'><strong>et</strong></span> <span class='ocrx_word' id='word_1_202' title='bbox 1230 3309 1256 3356; x_wconf 89' lang='lat' dir='ltr'><strong>ei</strong></span> <span class='ocrx_word' id='word_1_203' title='bbox 1282 3304 1367 3372; x_wconf 83' lang='lat' dir='ltr'><strong>digne</strong></span> <span class='ocrx_word' id='word_1_204' title='bbox 1384 3307 1508 3357; x_wconf 76' lang='lat' dir='ltr'><strong>servient</strong></span> <span class='ocrx_word' id='word_1_205' title='bbox 1526 3317 1555 3358; x_wconf 88' lang='lat' dir='ltr'><strong>et</strong></span> <span class='ocrx_word' id='word_1_206' title='bbox 1579 3312 1734 3360; x_wconf 83' lang='lat' dir='ltr'><strong>caetitatem</strong></span> <span class='ocrx_word' id='word_1_207' title='bbox 1758 3309 1890 3374; x_wconf 75' lang='lat' dir='ltr'><strong>diligant,</strong></span> <span class='ocrx_word' id='word_1_208' title='bbox 1922 3311 1994 3378; x_wconf 84' lang='lat' dir='ltr'><strong>qnia</strong></span> 
     </span>
     <span class='ocr_line' id='line_1_22' title="bbox 551 3404 1993 3480; baseline 0 -18"><span class='ocrx_word' id='word_1_209' title='bbox 551 3409 676 3480; x_wconf 76' lang='lat' dir='ltr'><strong>perlecto</strong></span> <span class='ocrx_word' id='word_1_210' title='bbox 693 3413 795 3472; x_wconf 86' lang='lat' dir='ltr'><strong>sciunt,</strong></span> <span class='ocrx_word' id='word_1_211' title='bbox 814 3417 1063 3470; x_wconf 69' lang='lat' dir='ltr'><strong>consumatum,</strong></span> <span class='ocrx_word' id='word_1_212' title='bbox 1082 3417 1116 3460; x_wconf 89' lang='lat' dir='ltr'><strong>nt</strong></span> <span class='ocrx_word' id='word_1_213' title='bbox 1132 3423 1214 3460; x_wconf 86' lang='lat' dir='ltr'><strong>cansa</strong></span> <span class='ocrx_word' id='word_1_214' title='bbox 1232 3405 1359 3476; x_wconf 80' lang='lat' dir='ltr'><strong>(musam</strong></span> <span class='ocrx_word' id='word_1_215' title='bbox 1377 3404 1427 3476; x_wconf 86' lang='grc' dir='ltr'><strong>Β.)</strong></span> <span class='ocrx_word' id='word_1_216' title='bbox 1444 3405 1624 3460; x_wconf 83' lang='lat' dir='ltr'><strong>cohabitandi</strong></span> <span class='ocrx_word' id='word_1_217' title='bbox 1642 3423 1707 3460; x_wconf 86' lang='lat' dir='ltr'><strong>enm</strong></span> <span class='ocrx_word' id='word_1_218' title='bbox 1723 3407 1891 3462; x_wconf 78' lang='lat' dir='ltr'><strong>muttenbne</strong></span> <span class='ocrx_word' id='word_1_219' title='bbox 1909 3409 1993 3462; x_wconf 84' lang='lat' dir='ltr'><strong>halsi—</strong></span> 
     </span>
     <span class='ocr_line' id='line_1_23' title="bbox 550 3499 1994 3579; baseline 0.001 -19"><span class='ocrx_word' id='word_1_220' title='bbox 550 3519 612 3561; x_wconf 83' lang='lat' dir='ltr'><strong>tsut</strong></span> <span class='ocrx_word' id='word_1_221' title='bbox 631 3505 822 3578; x_wconf 86' lang='lat' dir='ltr'><strong>(habeantB.)</strong></span> <span class='ocrx_word' id='word_1_222' title='bbox 857 3508 893 3562; x_wconf 87' lang='lat' dir='ltr'><strong>Et</strong></span> <span class='ocrx_word' id='word_1_223' title='bbox 910 3513 961 3578; x_wconf 86' lang='lat' dir='ltr'><strong>qui</strong></span> <span class='ocrx_word' id='word_1_224' title='bbox 978 3526 1063 3579; x_wconf 86' lang='lat' dir='ltr'><strong>super</strong></span> <span class='ocrx_word' id='word_1_225' title='bbox 1080 3509 1125 3564; x_wconf 82' lang='lat' dir='ltr'><strong>lais</strong></span> <span class='ocrx_word' id='word_1_226' title='bbox 1144 3499 1295 3566; x_wconf 77' lang='lat' dir='ltr'><strong>abstinebit</strong></span> <span class='ocrx_word' id='word_1_227' title='bbox 1313 3519 1342 3560; x_wconf 84' lang='lat' dir='ltr'><strong>et</strong></span> <span class='ocrx_word' id='word_1_228' title='bbox 1363 3512 1519 3561; x_wconf 78' lang='lat' dir='ltr'><strong>castitatem</strong></span> <span class='ocrx_word' id='word_1_229' title='bbox 1537 3507 1663 3561; x_wconf 87' lang='lat' dir='ltr'><strong>seruablt</strong></span> <span class='ocrx_word' id='word_1_230' title='bbox 1680 3507 1714 3561; x_wconf 91' lang='lat' dir='ltr'><strong>ad</strong></span> <span class='ocrx_word' id='word_1_231' title='bbox 1733 3505 1891 3576; x_wconf 81' lang='lat' dir='ltr'><strong>proiectum</strong></span> <span class='ocrx_word' id='word_1_232' title='bbox 1911 3507 1994 3576; x_wconf 80' lang='lat' dir='ltr'><strong>(per-</strong></span> 
     </span>
     <span class='ocr_line' id='line_1_24' title="bbox 550 3606 1991 3692; baseline 0.003 -32"><span class='ocrx_word' id='word_1_233' title='bbox 550 3606 657 3686; x_wconf 72' lang='lat' dir='ltr'><strong>lectum</strong></span> <span class='ocrx_word' id='word_1_234' title='bbox 676 3607 723 3675; x_wconf 88' lang='grc' dir='ltr'><strong>Β.)</strong></span> <span class='ocrx_word' id='word_1_235' title='bbox 741 3614 952 3692; x_wconf 75' lang='lat' dir='ltr'><strong>sempiternum,</strong></span> <span class='ocrx_word' id='word_1_236' title='bbox 970 3609 1018 3664; x_wconf 87' lang='lat' dir='ltr'><strong>det</strong></span> <span class='ocrx_word' id='word_1_237' title='bbox 1034 3611 1254 3666; x_wconf 83' lang='lat' dir='ltr'><strong>misericordiam</strong></span> <span class='ocrx_word' id='word_1_238' title='bbox 1269 3607 1372 3664; x_wconf 82' lang='lat' dir='ltr'><strong>lrabeat</strong></span> <span class='ocrx_word' id='word_1_239' title='bbox 1388 3621 1417 3664; x_wconf 89' lang='lat' dir='ltr'><strong>et</strong></span> <span class='ocrx_word' id='word_1_240' title='bbox 1433 3609 1467 3662; x_wconf 86' lang='lat' dir='ltr'><strong>ad</strong></span> <span class='ocrx_word' id='word_1_241' title='bbox 1485 3609 1625 3664; x_wconf 87' lang='lat' dir='ltr'><strong>honorem</strong></span> <span class='ocrx_word' id='word_1_242' title='bbox 1634 3609 1731 3662; x_wconf 82' lang='lat' dir='ltr'><strong>asculi</strong></span> <span class='ocrx_word' id='word_1_243' title='bbox 1746 3608 1830 3664; x_wconf 86' lang='lat' dir='ltr'><strong>Taiui</strong></span> <span class='ocrx_word' id='word_1_244' title='bbox 1848 3610 1911 3679; x_wconf 74' lang='lat' dir='ltr'><strong>lege</strong></span> <span class='ocrx_word' id='word_1_245' title='bbox 1928 3609 1991 3680; x_wconf 66' lang='lat' dir='ltr'><strong>dig-</strong></span> 
     </span>
     <span class='ocr_line' id='line_1_25' title="bbox 550 3701 1528 3778; baseline -0.002 -14"><span class='ocrx_word' id='word_1_246' title='bbox 550 3725 605 3764; x_wconf 79' lang='lat' dir='ltr'><strong>nus</strong></span> <span class='ocrx_word' id='word_1_247' title='bbox 626 3713 674 3760; x_wconf 85' lang='lat' dir='ltr'><strong>sit·</strong></span> <span class='ocrx_word' id='word_1_248' title='bbox 838 3713 866 3770; x_wconf 77' lang='grc' dir='ltr'><strong>ι)</strong></span> <span class='ocrx_word' id='word_1_249' title='bbox 891 3715 1035 3764; x_wconf 82' lang='lat' dir='ltr'><strong>nominari</strong></span> <span class='ocrx_word' id='word_1_250' title='bbox 1051 3711 1089 3764; x_wconf 80' lang='lat' dir='ltr'><strong>li·</strong></span> <span class='ocrx_word' id='word_1_251' title='bbox 1270 3711 1299 3778; x_wconf 80' lang='grc'><strong>5)</strong></span> <span class='ocrx_word' id='word_1_252' title='bbox 1335 3711 1476 3765; x_wconf 83' lang='lat' dir='ltr'><strong>studuerit</strong></span> <span class='ocrx_word' id='word_1_253' title='bbox 1493 3701 1528 3762; x_wconf 83' lang='lat' dir='ltr'><strong>H.</strong></span> 
     </span>
    </p>

    <p class='ocr_par' dir='ltr' id='par_1_6' title="bbox 452 3806 1920 3882">
     <span class='ocr_line' id='line_1_26' title="bbox 452 3806 1920 3882; baseline 0 -16"><span class='ocrx_word' id='word_1_254' title='bbox 452 3815 482 3879; x_wconf 80' lang='lat' dir='ltr'><strong>Is)</strong></span> <span class='ocrx_word' id='word_1_255' title='bbox 518 3807 731 3879; x_wconf 78' lang='lat' dir='ltr'><strong>Thengeaslaipe</strong></span> <span class='ocrx_word' id='word_1_256' title='bbox 749 3806 850 3862; x_wconf 85' lang='lat' dir='ltr'><strong>lrabeat</strong></span> <span class='ocrx_word' id='word_1_257' title='bbox 866 3809 902 3862; x_wconf 86' lang='grc' dir='ltr'><strong>Η.</strong></span> <span class='ocrx_word' id='word_1_258' title='bbox 1067 3808 1100 3880; x_wconf 82' lang='grc'><strong>5)</strong></span> <span class='ocrx_word' id='word_1_259' title='bbox 1133 3811 1170 3864; x_wconf 85' lang='lat' dir='ltr'><strong>Ut</strong></span> <span class='ocrx_word' id='word_1_260' title='bbox 1187 3808 1340 3864; x_wconf 81' lang='lat' dir='ltr'><strong>Christiani</strong></span> <span class='ocrx_word' id='word_1_261' title='bbox 1357 3815 1434 3880; x_wconf 78' lang='lat' dir='ltr'><strong>leges</strong></span> <span class='ocrx_word' id='word_1_262' title='bbox 1452 3812 1625 3882; x_wconf 86' lang='lat' dir='ltr'><strong>&amp;precepta</strong></span> <span class='ocrx_word' id='word_1_263' title='bbox 1643 3812 1690 3872; x_wconf 82' lang='lat' dir='ltr'><strong>dei</strong></span> <span class='ocrx_word' id='word_1_264' title='bbox 1707 3811 1867 3872; x_wconf 76' lang='lat' dir='ltr'><strong>custodiant</strong></span> <span class='ocrx_word' id='word_1_265' title='bbox 1884 3813 1920 3876; x_wconf 81' lang='lat' dir='ltr'><strong>ll,</strong></span> 
     </span>
    </p>

    <p class='ocr_par' dir='ltr' id='par_1_7' title="bbox 454 3911 1959 3984">
     <span class='ocr_line' id='line_1_27' title="bbox 454 3911 1959 3984; baseline 0.002 -18"><span class='ocrx_word' id='word_1_266' title='bbox 454 3915 483 3980; x_wconf 84' lang='grc'><strong>6)</strong></span> <span class='ocrx_word' id='word_1_267' title='bbox 518 3912 587 3967; x_wconf 84' lang='lat' dir='ltr'>D.B.</span> <span class='ocrx_word' id='word_1_268' title='bbox 608 3913 672 3967; x_wconf 84' lang='lat' dir='ltr'><strong>add.</strong></span> <span class='ocrx_word' id='word_1_269' title='bbox 688 3927 740 3980; x_wconf 90' lang='lat' dir='ltr'><strong>pro</strong></span> <span class='ocrx_word' id='word_1_270' title='bbox 759 3913 860 3970; x_wconf 82' lang='lat' dir='ltr'><strong>timore</strong></span> <span class='ocrx_word' id='word_1_271' title='bbox 878 3913 924 3963; x_wconf 84' lang='lat' dir='ltr'><strong>sui</strong></span> <span class='ocrx_word' id='word_1_272' title='bbox 941 3915 1073 3965; x_wconf 83' lang='lat' dir='ltr'><strong>creatoris</strong></span> <span class='ocrx_word' id='word_1_273' title='bbox 1089 3915 1228 3978; x_wconf 81' lang='lat' dir='ltr'><strong>injustum</strong></span> <span class='ocrx_word' id='word_1_274' title='bbox 1248 3913 1430 3966; x_wconf 88' lang='lat' dir='ltr'><strong>concubitum</strong></span> <span class='ocrx_word' id='word_1_275' title='bbox 1448 3918 1547 3970; x_wconf 78' lang='lat' dir='ltr'><strong>vitare.</strong></span> <span class='ocrx_word' id='word_1_276' title='bbox 1679 3911 1711 3984; x_wconf 89' lang='lat'><strong>7)</strong></span> <span class='ocrx_word' id='word_1_277' title='bbox 1746 3915 1800 3968; x_wconf 88' lang='lat' dir='ltr'><strong>Dei</strong></span> <span class='ocrx_word' id='word_1_278' title='bbox 1817 3913 1959 3971; x_wconf 66' lang='lat' dir='ltr'><strong>monn.</strong></span> 
     </span>
    </p>

    <p class='ocr_par' dir='ltr' id='par_1_8' title="bbox 373 4015 1986 4082">
     <span class='ocr_line' id='line_1_28' title="bbox 373 4015 1986 4082; baseline 0.002 -15"><span class='ocrx_word' id='word_1_279' title='bbox 373 4039 388 4068; x_wconf 71' lang='lat' dir='ltr'><strong>a</strong></span> <span class='ocrx_word' id='word_1_280' title='bbox 455 4015 482 4082; x_wconf 83' lang='lat' dir='ltr'><strong>a)</strong></span> <span class='ocrx_word' id='word_1_281' title='bbox 518 4021 550 4069; x_wconf 86' lang='lat' dir='ltr'><strong>tn</strong></span> <span class='ocrx_word' id='word_1_282' title='bbox 566 4015 709 4082; x_wconf 86' lang='lat' dir='ltr'><strong>parentela</strong></span> <span class='ocrx_word' id='word_1_283' title='bbox 724 4029 775 4066; x_wconf 86' lang='lat' dir='ltr'><strong>aua</strong></span> <span class='ocrx_word' id='word_1_284' title='bbox 793 4015 866 4065; x_wconf 85' lang='lat' dir='ltr'><strong>intra</strong></span> <span class='ocrx_word' id='word_1_285' title='bbox 883 4022 991 4066; x_wconf 81' lang='lat' dir='ltr'><strong>sextam</strong></span> <span class='ocrx_word' id='word_1_286' title='bbox 1009 4016 1232 4079; x_wconf 84' lang='lat' dir='ltr'><strong>generationem,</strong></span> <span class='ocrx_word' id='word_1_287' title='bbox 1246 4029 1300 4067; x_wconf 84' lang='lat' dir='ltr'><strong>nac</strong></span> <span class='ocrx_word' id='word_1_288' title='bbox 1317 4019 1353 4067; x_wconf 81' lang='lat' dir='ltr'><strong>nr</strong></span> <span class='ocrx_word' id='word_1_289' title='bbox 1366 4015 1479 4068; x_wconf 84' lang='lat' dir='ltr'><strong>dimissa</strong></span> <span class='ocrx_word' id='word_1_290' title='bbox 1496 4019 1608 4080; x_wconf 77' lang='lat' dir='ltr'><strong>cognati</strong></span> <span class='ocrx_word' id='word_1_291' title='bbox 1626 4018 1687 4078; x_wconf 83' lang='lat' dir='ltr'><strong>snt,</strong></span> <span class='ocrx_word' id='word_1_292' title='bbox 1710 4019 1763 4082; x_wconf 78' lang='lat' dir='ltr'><strong>qui</strong></span> <span class='ocrx_word' id='word_1_293' title='bbox 1781 4021 1855 4074; x_wconf 78' lang='lat' dir='ltr'><strong>intra</strong></span> <span class='ocrx_word' id='word_1_294' title='bbox 1871 4028 1986 4076; x_wconf 75' lang='lat' dir='ltr'><strong>sextum</strong></span> 
     </span>
    </p>

    <p class='ocr_par' dir='ltr' id='par_1_9' title="bbox 521 4110 1986 4190">
     <span class='ocr_line' id='line_1_29' title="bbox 521 4110 1986 4190; baseline 0.001 -22"><span class='ocrx_word' id='word_1_295' title='bbox 521 4175 522 4181; x_wconf 8' lang='grc' dir='ltr'>ἵ</span> <span class='ocrx_word' id='word_1_296' title='bbox 548 4117 711 4184; x_wconf 78' lang='lat' dir='ltr'><strong>geniculum</strong></span> <span class='ocrx_word' id='word_1_297' title='bbox 728 4119 866 4184; x_wconf 83' lang='lat' dir='ltr'><strong>pertineat</strong></span> <span class='ocrx_word' id='word_1_298' title='bbox 882 4117 919 4176; x_wconf 85' lang='lat' dir='ltr'><strong>et,</strong></span> <span class='ocrx_word' id='word_1_299' title='bbox 938 4110 1126 4190; x_wconf 41' lang='lat' dir='ltr'><strong>(baedanae</strong></span> <span class='ocrx_word' id='word_1_300' title='bbox 1144 4119 1174 4168; x_wconf 83' lang='lat' dir='ltr'><strong>tn</strong></span> <span class='ocrx_word' id='word_1_301' title='bbox 1192 4119 1359 4182; x_wconf 81' lang='lat' dir='ltr'><strong>cognatione</strong></span> <span class='ocrx_word' id='word_1_302' title='bbox 1372 4119 1473 4169; x_wconf 82' lang='lat' dir='ltr'><strong>uxoris</strong></span> <span class='ocrx_word' id='word_1_303' title='bbox 1488 4111 1559 4182; x_wconf 83' lang='lat' dir='ltr'><strong>aue)</strong></span> <span class='ocrx_word' id='word_1_304' title='bbox 1577 4129 1629 4166; x_wconf 89' lang='lat' dir='ltr'><strong>uec</strong></span> <span class='ocrx_word' id='word_1_305' title='bbox 1646 4127 1826 4169; x_wconf 83' lang='lat' dir='ltr'><strong>commatrem</strong></span> <span class='ocrx_word' id='word_1_306' title='bbox 1844 4117 1890 4169; x_wconf 80' lang='lat' dir='ltr'><strong>rel</strong></span> <span class='ocrx_word' id='word_1_307' title='bbox 1910 4116 1986 4170; x_wconf 86' lang='lat' dir='ltr'><strong>lilio-</strong></span> 
     </span>
    </p>
   </div>
   <div class='ocr_carea' id='block_1_5' title="bbox 548 4215 2151 4284">
    <p class='ocr_par' dir='ltr' id='par_1_10' title="bbox 548 4215 2151 4284">
     <span class='ocr_line' id='line_1_30' title="bbox 548 4215 2151 4284; baseline -0.002 -15"><span class='ocrx_word' id='word_1_308' title='bbox 548 4217 604 4269; x_wconf 87' lang='lat' dir='ltr'><strong>lam</strong></span> <span class='ocrx_word' id='word_1_309' title='bbox 629 4231 682 4268; x_wconf 89' lang='lat' dir='ltr'><strong>nac</strong></span> <span class='ocrx_word' id='word_1_310' title='bbox 707 4217 945 4269; x_wconf 81' lang='lat' dir='ltr'><strong>sanctimonialem</strong></span> <span class='ocrx_word' id='word_1_311' title='bbox 970 4231 1023 4266; x_wconf 85' lang='lat' dir='ltr'><strong>nec</strong></span> <span class='ocrx_word' id='word_1_312' title='bbox 1041 4215 1214 4284; x_wconf 83' lang='lat' dir='ltr'><strong>repudiatam</strong></span> <span class='ocrx_word' id='word_1_313' title='bbox 1232 4216 1335 4284; x_wconf 88' lang='lat' dir='ltr'><strong>aliquia</strong></span> <span class='ocrx_word' id='word_1_314' title='bbox 1353 4216 1438 4272; x_wconf 86' lang='lat' dir='ltr'><strong>ducat</strong></span> <span class='ocrx_word' id='word_1_315' title='bbox 1457 4231 1597 4280; x_wconf 64' lang='lat' dir='ltr'><strong>uxorem</strong></span> <span class='ocrx_word' id='word_1_316' title='bbox 1631 4231 1684 4270; x_wconf 82' lang='lat' dir='ltr'><strong>uec</strong></span> <span class='ocrx_word' id='word_1_317' title='bbox 1702 4233 1767 4274; x_wconf 84' lang='lat' dir='ltr'><strong>oum</strong></span> <span class='ocrx_word' id='word_1_318' title='bbox 1786 4216 1984 4272; x_wconf 81' lang='lat' dir='ltr'><strong>meretricibus</strong></span> <span class='ocrx_word' id='word_1_319' title='bbox 2108 4275 2111 4282; x_wconf 22' lang='grc' dir='ltr'><strong>Δ</strong></span> <span class='ocrx_word' id='word_1_320' title='bbox 2150 4221 2151 4266; x_wconf 64' lang='lat' dir='ltr'><strong>l</strong></span> 
     </span>
    </p>
   </div>
   <div class='ocr_carea' id='block_1_6' title="bbox 435 4313 1931 4487">
    <p class='ocr_par' dir='ltr' id='par_1_11' title="bbox 435 4313 1931 4487">
     <span class='ocr_line' id='line_1_31' title="bbox 548 4313 1901 4387; baseline 0 -17"><span class='ocrx_word' id='word_1_321' title='bbox 548 4318 749 4372; x_wconf 86' lang='lat' dir='ltr'><strong>circumeundo</strong></span> <span class='ocrx_word' id='word_1_322' title='bbox 765 4316 931 4371; x_wconf 79' lang='lat' dir='ltr'><strong>fornicetur.</strong></span> <span class='ocrx_word' id='word_1_323' title='bbox 948 4313 1019 4370; x_wconf 62' lang='grc' dir='ltr'><strong>ΗΒ.</strong></span> <span class='ocrx_word' id='word_1_324' title='bbox 1102 4324 1105 4333; x_wconf 91' lang='grc'><em>·</em></span> <span class='ocrx_word' id='word_1_325' title='bbox 1213 4317 1245 4387; x_wconf 80' lang='lat'><strong>9)</strong></span> <span class='ocrx_word' id='word_1_326' title='bbox 1281 4321 1396 4386; x_wconf 87' lang='lat' dir='ltr'><strong>proprio</strong></span> <span class='ocrx_word' id='word_1_327' title='bbox 1414 4315 1451 4368; x_wconf 80' lang='lat' dir='ltr'><strong>li.</strong></span> <span class='ocrx_word' id='word_1_328' title='bbox 1648 4318 1692 4384; x_wconf 88' lang='lat' dir='ltr'><strong>ao)</strong></span> <span class='ocrx_word' id='word_1_329' title='bbox 1725 4330 1844 4386; x_wconf 85' lang='lat' dir='ltr'><strong>parente</strong></span> <span class='ocrx_word' id='word_1_330' title='bbox 1865 4317 1901 4371; x_wconf 86' lang='lat' dir='ltr'><strong>H.</strong></span> 
     </span>
     <span class='ocr_line' id='line_1_32' title="bbox 435 4415 1931 4487; baseline -0.001 -11"><span class='ocrx_word' id='word_1_331' title='bbox 435 4426 477 4482; x_wconf 87' lang='grc' dir='ltr'><strong>ιι)</strong></span> <span class='ocrx_word' id='word_1_332' title='bbox 512 4431 653 4487; x_wconf 80' lang='lat' dir='ltr'><strong>compatre</strong></span> <span class='ocrx_word' id='word_1_333' title='bbox 669 4418 706 4476; x_wconf 87' lang='grc' dir='ltr'><strong>Η.</strong></span> <span class='ocrx_word' id='word_1_334' title='bbox 876 4417 924 4486; x_wconf 86' lang='grc' dir='ltr'><strong>ιι)</strong></span> <span class='ocrx_word' id='word_1_335' title='bbox 959 4415 989 4470; x_wconf 87' lang='lat' dir='ltr'><strong>S.</strong></span> <span class='ocrx_word' id='word_1_336' title='bbox 1001 4435 1071 4486; x_wconf 80' lang='lat' dir='ltr'><strong>par:</strong></span> <span class='ocrx_word' id='word_1_337' title='bbox 1090 4415 1265 4486; x_wconf 87' lang='lat' dir='ltr'><strong>repudiatam</strong></span> <span class='ocrx_word' id='word_1_338' title='bbox 1284 4419 1378 4470; x_wconf 75' lang='lat' dir='ltr'><strong>vertit.</strong></span> <span class='ocrx_word' id='word_1_339' title='bbox 1546 4417 1590 4482; x_wconf 76' lang='grc' dir='ltr'><strong>ιδ)</strong></span> <span class='ocrx_word' id='word_1_340' title='bbox 1626 4416 1733 4476; x_wconf 82' lang='grc' dir='ltr'><strong>Η.Π,Β.</strong></span> <span class='ocrx_word' id='word_1_341' title='bbox 1753 4421 1819 4472; x_wconf 81' lang='lat' dir='ltr'><strong>cdd.</strong></span> <span class='ocrx_word' id='word_1_342' title='bbox 1837 4435 1931 4480; x_wconf 76' lang='lat' dir='ltr'><strong>unam.</strong></span> 
     </span>
    </p>
   </div>
   <div class='ocr_carea' id='block_1_7' title="bbox 435 4516 1983 4595">
    <p class='ocr_par' dir='ltr' id='par_1_12' title="bbox 435 4516 1983 4595">
     <span class='ocr_line' id='line_1_33' title="bbox 435 4516 1983 4595; baseline -0.002 -17"><span class='ocrx_word' id='word_1_343' title='bbox 435 4525 479 4589; x_wconf 76' lang='lat' dir='ltr'><strong>al)</strong></span> <span class='ocrx_word' id='word_1_344' title='bbox 513 4519 584 4575; x_wconf 75' lang='lat' dir='ltr'><strong>Ait.</strong></span> <span class='ocrx_word' id='word_1_345' title='bbox 596 4523 660 4574; x_wconf 81' lang='lat' dir='ltr'><strong>add.</strong></span> <span class='ocrx_word' id='word_1_346' title='bbox 670 4525 722 4590; x_wconf 85' lang='lat' dir='ltr'><strong>qui</strong></span> <span class='ocrx_word' id='word_1_347' title='bbox 733 4521 788 4576; x_wconf 84' lang='lat' dir='ltr'><strong>Det</strong></span> <span class='ocrx_word' id='word_1_348' title='bbox 799 4523 892 4592; x_wconf 77' lang='lat' dir='ltr'><strong>legam</strong></span> <span class='ocrx_word' id='word_1_349' title='bbox 903 4523 979 4592; x_wconf 80' lang='lat' dir='ltr'><strong>tuate</strong></span> <span class='ocrx_word' id='word_1_350' title='bbox 991 4534 1103 4574; x_wconf 78' lang='lat' dir='ltr'><strong>serrare</strong></span> <span class='ocrx_word' id='word_1_351' title='bbox 1114 4516 1253 4575; x_wconf 78' lang='lat' dir='ltr'><strong>desiderat</strong></span> <span class='ocrx_word' id='word_1_352' title='bbox 1263 4529 1293 4576; x_wconf 85' lang='lat' dir='ltr'><strong>et</strong></span> <span class='ocrx_word' id='word_1_353' title='bbox 1304 4537 1320 4576; x_wconf 92' lang='lat' dir='ltr'><strong>a</strong></span> <span class='ocrx_word' id='word_1_354' title='bbox 1331 4518 1468 4595; x_wconf 71' lang='lat' dir='ltr'><strong>gebennas</strong></span> <span class='ocrx_word' id='word_1_355' title='bbox 1486 4517 1602 4586; x_wconf 74' lang='lat' dir='ltr'><strong>ignibus</strong></span> <span class='ocrx_word' id='word_1_356' title='bbox 1620 4523 1739 4571; x_wconf 84' lang='lat' dir='ltr'><strong>animam</strong></span> <span class='ocrx_word' id='word_1_357' title='bbox 1759 4537 1839 4573; x_wconf 78' lang='lat' dir='ltr'><strong>suana</strong></span> <span class='ocrx_word' id='word_1_358' title='bbox 1853 4519 1983 4575; x_wconf 83' lang='lat' dir='ltr'><strong>liberare.</strong></span> 
     </span>
    </p>
   </div>
   <div class='ocr_carea' id='block_1_8' title="bbox 0 0 2188 5222">
    <p class='ocr_par' dir='ltr' id='par_1_13' title="bbox 0 0 2188 5222">
     <span class='ocr_line' id='line_1_34' title="bbox 0 0 2188 5222; baseline 0 1"><span class='ocrx_word' id='word_1_359' title='bbox 0 0 2188 5222; x_wconf 95' lang='lat' dir='ltr'><strong> </strong></span> 
     </span>
    </p>
   </div>
  </div>
 </body>
</html>
