<?xml version="1.0" encoding="UTF-8"?>
<!DOCTYPE html PUBLIC "-//W3C//DTD XHTML 1.0 Transitional//EN"
    "http://www.w3.org/TR/xhtml1/DTD/xhtml1-transitional.dtd">
<html xmlns="http://www.w3.org/1999/xhtml" xml:lang="en" lang="en">
 <head>
  <title>
</title>
<meta http-equiv="Content-Type" content="text/html;charset=utf-8" />
  <meta name='ocr-system' content='tesseract 3.04.00' />
  <meta name='ocr-capabilities' content='ocr_page ocr_carea ocr_par ocr_line ocrx_word'/>
</head>
<body>
  <div class='ocr_page' id='page_1' title='image "./legumregiscanut00britgoog/legumregiscanut00britgoog_0015.png"; bbox 0 0 4368 5222; ppageno 0'>
   <div class='ocr_carea' id='block_1_1' title="bbox 1727 575 1775 626">
    <p class='ocr_par' dir='ltr' id='par_1_1' title="bbox 1727 575 1775 626">
     <span class='ocr_line' id='line_1_1' title="bbox 1727 575 1775 626; baseline 0 0"><span class='ocrx_word' id='word_1_1' title='bbox 1727 575 1775 626; x_wconf 78' lang='lat'><strong><em>11</em></strong></span> 
     </span>
    </p>
   </div>
   <div class='ocr_carea' id='block_1_2' title="bbox 257 756 1827 1498">
    <p class='ocr_par' dir='ltr' id='par_1_2' title="bbox 257 756 1827 1252">
     <span class='ocr_line' id='line_1_2' title="bbox 298 756 1827 848; baseline -0.003 -24"><span class='ocrx_word' id='word_1_2' title='bbox 298 759 487 828; x_wconf 77' lang='lat' dir='ltr'><strong><em>venerabile</em></strong></span> <span class='ocrx_word' id='word_1_3' title='bbox 517 763 691 830; x_wconf 82' lang='lat' dir='ltr'><strong><em>consitium</em></strong></span> <span class='ocrx_word' id='word_1_4' title='bbox 721 761 770 826; x_wconf 85' lang='lat' dir='ltr'><strong><em>ad</em></strong></span> <span class='ocrx_word' id='word_1_5' title='bbox 790 759 928 835; x_wconf 59' lang='lat' dir='ltr'><strong><em>audem</em></strong></span> <span class='ocrx_word' id='word_1_6' title='bbox 949 771 981 824; x_wconf 88' lang='lat' dir='ltr'><strong><em>et</em></strong></span> <span class='ocrx_word' id='word_1_7' title='bbox 999 759 1152 846; x_wconf 76' lang='lat' dir='ltr'><strong><em>gloriam</em></strong></span> <span class='ocrx_word' id='word_1_8' title='bbox 1170 759 1241 832; x_wconf 88' lang='lat' dir='ltr'><strong><em>dei,</em></strong></span> <span class='ocrx_word' id='word_1_9' title='bbox 1281 760 1493 848; x_wconf 75' lang='lat' dir='ltr'><strong><em>congregatis</em></strong></span> <span class='ocrx_word' id='word_1_10' title='bbox 1511 756 1606 844; x_wconf 88' lang='lat' dir='ltr'><strong><em>apud</em></strong></span> <span class='ocrx_word' id='word_1_11' title='bbox 1624 756 1827 824; x_wconf 68' lang='lat' dir='ltr'><strong><em>wintoniam</em></strong></span> 
     </span>
     <span class='ocr_line' id='line_1_3' title="bbox 257 837 1826 930; baseline -0.002 -27"><span class='ocrx_word' id='word_1_12' title='bbox 257 888 263 902; x_wconf 84' lang='lat'><strong>.</strong></span> <span class='ocrx_word' id='word_1_13' title='bbox 297 841 400 904; x_wconf 88' lang='lat' dir='ltr'><strong><em>totius</em></strong></span> <span class='ocrx_word' id='word_1_14' title='bbox 417 842 561 926; x_wconf 74' lang='lat' dir='ltr'><strong><em>Angliae,</em></strong></span> <span class='ocrx_word' id='word_1_15' title='bbox 608 845 744 920; x_wconf 81' lang='lat' dir='ltr'><strong><em>Datioe,</em></strong></span> <span class='ocrx_word' id='word_1_16' title='bbox 785 840 992 930; x_wconf 61' lang='lat' dir='ltr'><strong><em>plimatibus</em></strong></span> <span class='ocrx_word' id='word_1_17' title='bbox 1015 843 1052 905; x_wconf 89' lang='lat' dir='ltr'><strong><em>in</em></strong></span> <span class='ocrx_word' id='word_1_18' title='bbox 1073 841 1182 905; x_wconf 86' lang='lat' dir='ltr'><strong><em>natali</em></strong></span> <span class='ocrx_word' id='word_1_19' title='bbox 1204 841 1351 912; x_wconf 71' lang='lat' dir='ltr'><strong><em>dominis</em></strong></span> <span class='ocrx_word' id='word_1_20' title='bbox 1398 843 1453 905; x_wconf 88' lang='lat' dir='ltr'><strong><em>cui</em></strong></span> <span class='ocrx_word' id='word_1_21' title='bbox 1467 853 1599 904; x_wconf 86' lang='lat' dir='ltr'><strong><em>tantum</em></strong></span> <span class='ocrx_word' id='word_1_22' title='bbox 1616 839 1659 904; x_wconf 89' lang='lat' dir='ltr'><strong><em>ab</em></strong></span> <span class='ocrx_word' id='word_1_23' title='bbox 1676 837 1826 904; x_wconf 84' lang='lat' dir='ltr'><strong><em>omnibus</em></strong></span> 
     </span>
     <span class='ocr_line' id='line_1_4' title="bbox 275 919 1825 1012; baseline -0.002 -28"><span class='ocrx_word' id='word_1_24' title='bbox 275 919 508 989; x_wconf 79' lang='lat' dir='ltr'><strong><em>&#39;observantie</em></strong></span> <span class='ocrx_word' id='word_1_25' title='bbox 536 927 687 991; x_wconf 87' lang='lat' dir='ltr'><strong><em>studium</em></strong></span> <span class='ocrx_word' id='word_1_26' title='bbox 707 925 933 1012; x_wconf 82' lang='lat' dir='ltr'><strong><em>inimpensum</em></strong></span> <span class='ocrx_word' id='word_1_27' title='bbox 953 934 1020 998; x_wconf 89' lang='lat' dir='ltr'><strong><em>eet,</em></strong></span> <span class='ocrx_word' id='word_1_28' title='bbox 1062 935 1099 986; x_wconf 89' lang='lat' dir='ltr'><strong><em>ut</em></strong></span> <span class='ocrx_word' id='word_1_29' title='bbox 1117 923 1221 1010; x_wconf 87' lang='lat' dir='ltr'><strong><em>siquis</em></strong></span> <span class='ocrx_word' id='word_1_30' title='bbox 1241 924 1303 986; x_wconf 87' lang='lat' dir='ltr'><strong><em>boc</em></strong></span> <span class='ocrx_word' id='word_1_31' title='bbox 1326 923 1432 986; x_wconf 88' lang='lat' dir='ltr'><strong><em>tercia</em></strong></span> <span class='ocrx_word' id='word_1_32' title='bbox 1440 925 1494 1000; x_wconf 77' lang='lat' dir='ltr'><strong><em>(l)</em></strong></span> <span class='ocrx_word' id='word_1_33' title='bbox 1529 922 1716 984; x_wconf 79' lang='lat' dir='ltr'><strong><em>temeritate</em></strong></span> <span class='ocrx_word' id='word_1_34' title='bbox 1746 941 1825 1000; x_wconf 82' lang='lat' dir='ltr'><strong><em>per-</em></strong></span> 
     </span>
     <span class='ocr_line' id='line_1_5' title="bbox 286 999 1824 1090; baseline -0.001 -24"><span class='ocrx_word' id='word_1_35' title='bbox 286 1013 458 1082; x_wconf 28' lang='lat' dir='ltr'><strong><em>everteres,</em></strong></span> <span class='ocrx_word' id='word_1_36' title='bbox 484 1008 678 1072; x_wconf 75' lang='lat' dir='ltr'><strong><em>communi</em></strong></span> <span class='ocrx_word' id='word_1_37' title='bbox 697 1007 828 1070; x_wconf 86' lang='lat' dir='ltr'><strong><em>decreto</em></strong></span> <span class='ocrx_word' id='word_1_38' title='bbox 847 1007 968 1090; x_wconf 70' lang='lat' dir='ltr'><strong><em>pale‘)</em></strong></span> <span class='ocrx_word' id='word_1_39' title='bbox 991 1025 1067 1068; x_wconf 82' lang='lat' dir='ltr'><strong><em>reue</em></strong></span> <span class='ocrx_word' id='word_1_40' title='bbox 1089 1017 1171 1068; x_wconf 87' lang='lat' dir='ltr'><strong><em>esset</em></strong></span> <span class='ocrx_word' id='word_1_41' title='bbox 1190 1004 1359 1080; x_wconf 83' lang='lat' dir='ltr'><strong><em>omnitua,</em></strong></span> <span class='ocrx_word' id='word_1_42' title='bbox 1406 1027 1469 1089; x_wconf 87' lang='lat' dir='ltr'><strong><em>que</em></strong></span> <span class='ocrx_word' id='word_1_43' title='bbox 1492 1002 1636 1067; x_wconf 86' lang='lat' dir='ltr'><strong><em>baberet.</em></strong></span> <span class='ocrx_word' id='word_1_44' title='bbox 1702 999 1824 1065; x_wconf 82' lang='lat' dir='ltr'><strong><em>Omni·</em></strong></span> 
     </span>
     <span class='ocr_line' id='line_1_6' title="bbox 257 1079 1824 1174; baseline -0.001 -28"><span class='ocrx_word' id='word_1_45' title='bbox 257 1131 262 1141; x_wconf 89' lang='lat'>.</span> <span class='ocrx_word' id='word_1_46' title='bbox 296 1079 361 1146; x_wconf 84' lang='lat' dir='ltr'><strong><em>bus</em></strong></span> <span class='ocrx_word' id='word_1_47' title='bbox 388 1085 501 1172; x_wconf 88' lang='lat' dir='ltr'><strong><em>itaque</em></strong></span> <span class='ocrx_word' id='word_1_48' title='bbox 532 1089 749 1174; x_wconf 80' lang='lat' dir='ltr'><strong><em>solempniter</em></strong></span> <span class='ocrx_word' id='word_1_49' title='bbox 777 1099 810 1150; x_wconf 91' lang='lat' dir='ltr'><strong><em>et</em></strong></span> <span class='ocrx_word' id='word_1_50' title='bbox 831 1084 1190 1166; x_wconf 29' lang='lat' dir='ltr'><strong><em>salubriter&#39;inetitutie</em></strong></span> <span class='ocrx_word' id='word_1_51' title='bbox 1212 1085 1251 1148; x_wconf 87' lang='lat' dir='ltr'><strong><em>in</em></strong></span> <span class='ocrx_word' id='word_1_52' title='bbox 1263 1084 1586 1172; x_wconf 78' lang='lat' dir='ltr'><strong><em>purgandisanimi</em></strong></span> <span class='ocrx_word' id='word_1_53' title='bbox 1605 1083 1715 1159; x_wconf 80' lang='lat' dir='ltr'><strong><em>viliis,</em></strong></span> <span class='ocrx_word' id='word_1_54' title='bbox 1760 1103 1824 1146; x_wconf 89' lang='lat' dir='ltr'><strong><em>non</em></strong></span> 
     </span>
     <span class='ocr_line' id='line_1_7' title="bbox 297 1163 1824 1252; baseline -0.001 -23"><span class='ocrx_word' id='word_1_55' title='bbox 297 1163 333 1225; x_wconf 80' lang='lat' dir='ltr'><strong><em>in</em></strong></span> <span class='ocrx_word' id='word_1_56' title='bbox 357 1173 423 1228; x_wconf 81' lang='lat' dir='ltr'><strong><em>une</em></strong></span> <span class='ocrx_word' id='word_1_57' title='bbox 443 1169 602 1252; x_wconf 82' lang='lat' dir='ltr'><strong><em>gentibue</em></strong></span> <span class='ocrx_word' id='word_1_58' title='bbox 632 1167 825 1233; x_wconf 84' lang='lat' dir='ltr'><strong><em>creiriandie</em></strong></span> <span class='ocrx_word' id='word_1_59' title='bbox 853 1167 928 1252; x_wconf 81' lang='lat' dir='ltr'><strong><em>pax</em></strong></span> <span class='ocrx_word' id='word_1_60' title='bbox 951 1167 1080 1251; x_wconf 79' lang='lat' dir='ltr'><strong><em>qaesita</em></strong></span> <span class='ocrx_word' id='word_1_61' title='bbox 1101 1166 1254 1242; x_wconf 79' lang='lat' dir='ltr'><strong><em>uidetur3</em></strong></span> <span class='ocrx_word' id='word_1_62' title='bbox 1273 1169 1377 1229; x_wconf 84' lang='lat' dir='ltr'><strong><em>tantis</em></strong></span> <span class='ocrx_word' id='word_1_63' title='bbox 1394 1187 1430 1229; x_wconf 89' lang='lat' dir='ltr'><strong><em>ee</em></strong></span> <span class='ocrx_word' id='word_1_64' title='bbox 1443 1165 1652 1252; x_wconf 81' lang='lat' dir='ltr'><strong><em>gaudiorum</em></strong></span> <span class='ocrx_word' id='word_1_65' title='bbox 1669 1165 1824 1248; x_wconf 76' lang='lat' dir='ltr'><strong><em>volupta-</em></strong></span> 
     </span>
    </p>

    <p class='ocr_par' dir='ltr' id='par_1_3' title="bbox 257 1244 1825 1498">
     <span class='ocr_line' id='line_1_8' title="bbox 320 1244 1825 1336; baseline -0.001 -27"><span class='ocrx_word' id='word_1_66' title='bbox 320 1244 326 1258; x_wconf 92' lang='lat'>&#39;</span> <span class='ocrx_word' id='word_1_67' title='bbox 405 1257 438 1309; x_wconf 87' lang='lat' dir='ltr'><strong><em>et</em></strong></span> <span class='ocrx_word' id='word_1_68' title='bbox 464 1251 567 1314; x_wconf 70' lang='lat' dir='ltr'><strong><em>tantu</em></strong></span> <span class='ocrx_word' id='word_1_69' title='bbox 588 1247 724 1314; x_wconf 84' lang='lat' dir='ltr'><strong><em>Coudus</em></strong></span> <span class='ocrx_word' id='word_1_70' title='bbox 751 1247 919 1312; x_wconf 70' lang='lat' dir='ltr'><strong><em>subtranit</em></strong></span> <span class='ocrx_word' id='word_1_71' title='bbox 939 1245 1104 1310; x_wconf 77' lang='lat' dir='ltr'><em>illecebris</em></span> <span class='ocrx_word' id='word_1_72' title='bbox 1125 1249 1258 1312; x_wconf 80' lang='lat' dir='ltr'><strong><em>Romsm</em></strong></span> <span class='ocrx_word' id='word_1_73' title='bbox 1285 1268 1324 1309; x_wconf 90' lang='lat' dir='ltr'><strong><em>ue</em></strong></span> <span class='ocrx_word' id='word_1_74' title='bbox 1343 1247 1481 1311; x_wconf 88' lang='lat' dir='ltr'><strong><em>celebris</em></strong></span> <span class='ocrx_word' id='word_1_75' title='bbox 1499 1248 1702 1336; x_wconf 69' lang='lat' dir='ltr'><strong><em>peregrinus</em></strong></span> <span class='ocrx_word' id='word_1_76' title='bbox 1718 1245 1825 1308; x_wconf 88' lang='lat' dir='ltr'><strong><em>adue-</em></strong></span> 
     </span>
     <span class='ocr_line' id='line_1_9' title="bbox 259 1325 1823 1418; baseline -0.001 -29"><span class='ocrx_word' id='word_1_77' title='bbox 259 1377 264 1390; x_wconf 91' lang='lat'>.</span> <span class='ocrx_word' id='word_1_78' title='bbox 297 1325 366 1400; x_wconf 86' lang='lat' dir='ltr'><strong><em>nit,</em></strong></span> <span class='ocrx_word' id='word_1_79' title='bbox 407 1338 625 1418; x_wconf 79' lang='lat' dir='ltr'><strong><em>eternumque</em></strong></span> <span class='ocrx_word' id='word_1_80' title='bbox 642 1329 708 1395; x_wconf 85' lang='lat' dir='ltr'><strong><em>sibi</em></strong></span> <span class='ocrx_word' id='word_1_81' title='bbox 729 1351 849 1394; x_wconf 86' lang='lat' dir='ltr'><strong><em>acmen</em></strong></span> <span class='ocrx_word' id='word_1_82' title='bbox 866 1349 933 1412; x_wconf 89' lang='lat' dir='ltr'><strong><em>per</em></strong></span> <span class='ocrx_word' id='word_1_83' title='bbox 955 1328 1070 1391; x_wconf 85' lang='lat' dir='ltr'><strong><em>secula</em></strong></span> <span class='ocrx_word' id='word_1_84' title='bbox 1092 1325 1202 1412; x_wconf 77' lang='lat' dir='ltr'><strong><em>fecit3</em></strong></span> <span class='ocrx_word' id='word_1_85' title='bbox 1291 1330 1452 1415; x_wconf 86' lang='lat' dir='ltr'><strong><em>iqnanta</em></strong></span> <span class='ocrx_word' id='word_1_86' title='bbox 1475 1328 1511 1390; x_wconf 87' lang='lat' dir='ltr'><strong><em>ia</em></strong></span> <span class='ocrx_word' id='word_1_87' title='bbox 1535 1325 1687 1406; x_wconf 73' lang='lat' dir='ltr'><strong><em>omnibus</em></strong></span> <span class='ocrx_word' id='word_1_88' title='bbox 1708 1325 1823 1408; x_wconf 82' lang='lat' dir='ltr'><strong><em>benig-</em></strong></span> 
     </span>
     <span class='ocr_line' id='line_1_10' title="bbox 257 1407 1825 1498; baseline 0.001 -30"><span class='ocrx_word' id='word_1_89' title='bbox 257 1443 264 1452; x_wconf 91' lang='lat'><em>·</em></span> <span class='ocrx_word' id='word_1_90' title='bbox 296 1407 405 1472; x_wconf 78' lang='lat' dir='ltr'><strong><em>nitate</em></strong></span> <span class='ocrx_word' id='word_1_91' title='bbox 415 1409 569 1487; x_wconf 72' lang='lat' dir='ltr'><strong><em>claruit,</em></strong></span> <span class='ocrx_word' id='word_1_92' title='bbox 596 1409 776 1498; x_wconf 66' lang='lat' dir='ltr'><strong><em>{quendum</em></strong></span> <span class='ocrx_word' id='word_1_93' title='bbox 797 1410 845 1472; x_wconf 88' lang='lat' dir='ltr'><strong><em>ibi</em></strong></span> <span class='ocrx_word' id='word_1_94' title='bbox 862 1411 959 1494; x_wconf 70' lang='lat' dir='ltr'><strong><em>genti</em></strong></span> <span class='ocrx_word' id='word_1_95' title='bbox 981 1420 1091 1471; x_wconf 89' lang='lat' dir='ltr'><strong><em>nostre</em></strong></span> <span class='ocrx_word' id='word_1_96' title='bbox 1137 1409 1341 1494; x_wconf 88' lang='lat' dir='ltr'><strong><em>rincipatum</em></strong></span> <span class='ocrx_word' id='word_1_97' title='bbox 1363 1410 1498 1484; x_wconf 88' lang='lat' dir='ltr'><strong><em>meruit,</em></strong></span> <span class='ocrx_word' id='word_1_98' title='bbox 1544 1417 1715 1472; x_wconf 84' lang='lat' dir='ltr'><strong><em>recentum</em></strong></span> <span class='ocrx_word' id='word_1_99' title='bbox 1735 1429 1825 1471; x_wconf 87' lang='lat' dir='ltr'><strong><em>sem—</em></strong></span> 
     </span>
    </p>
   </div>
   <div class='ocr_carea' id='block_1_3' title="bbox 256 1431 1825 1794">
    <p class='ocr_par' dir='ltr' id='par_1_4' title="bbox 256 1431 1825 1794">
     <span class='ocr_line' id='line_1_11' title="bbox 257 1431 1825 1589; baseline 0.001 -39"><span class='ocrx_word' id='word_1_100' title='bbox 257 1537 262 1550; x_wconf 90' lang='lat'><em>.</em></span> <span class='ocrx_word' id='word_1_101' title='bbox 291 1508 357 1572; x_wconf 85' lang='lat' dir='ltr'><strong><em>per</em></strong></span> <span class='ocrx_word' id='word_1_102' title='bbox 384 1493 616 1589; x_wconf 73' lang='lat' dir='ltr'><strong><em>exemplorum</em></strong></span> <span class='ocrx_word' id='word_1_103' title='bbox 642 1492 806 1557; x_wconf 86' lang='lat' dir='ltr'><strong><em>continuis</em></strong></span> <span class='ocrx_word' id='word_1_104' title='bbox 831 1489 1089 1574; x_wconf 74' lang='lat' dir='ltr'><em>allegationibus</em></span> <span class='ocrx_word' id='word_1_105' title='bbox 1108 1431 1410 1572; x_wconf 68' lang='lat' dir='ltr'><strong><em>babmdnmm.‘*)</em></strong></span> <span class='ocrx_word' id='word_1_106' title='bbox 1452 1488 1535 1554; x_wconf 85' lang='lat' dir='ltr'><strong><em>Iade</em></strong></span> <span class='ocrx_word' id='word_1_107' title='bbox 1557 1489 1690 1582; x_wconf 74' lang='lat' dir='ltr'><strong><em>copiosa</em></strong></span> <span class='ocrx_word' id='word_1_108' title='bbox 1711 1487 1825 1582; x_wconf 86' lang='lat' dir='ltr'><strong><em>laudis</em></strong></span> 
     </span>
     <span class='ocr_line' id='line_1_12' title="bbox 295 1568 1823 1656; baseline 0 -24"><span class='ocrx_word' id='word_1_109' title='bbox 295 1589 337 1632; x_wconf 85' lang='lat' dir='ltr'><strong><em>aa</em></strong></span> <span class='ocrx_word' id='word_1_110' title='bbox 374 1569 562 1635; x_wconf 81' lang='lat' dir='ltr'><strong><em>dilectionis</em></strong></span> <span class='ocrx_word' id='word_1_111' title='bbox 592 1575 828 1656; x_wconf 87' lang='lat' dir='ltr'><strong><em>prosecutione</em></strong></span> <span class='ocrx_word' id='word_1_112' title='bbox 856 1592 1029 1642; x_wconf 78' lang='lat' dir='ltr'><strong><em>reuersus,</em></strong></span> <span class='ocrx_word' id='word_1_113' title='bbox 1071 1568 1240 1634; x_wconf 86' lang='lat' dir='ltr'><strong><em>bonorum.</em></strong></span> <span class='ocrx_word' id='word_1_114' title='bbox 1267 1572 1417 1634; x_wconf 89' lang='lat' dir='ltr'><strong><em>omnium</em></strong></span> <span class='ocrx_word' id='word_1_115' title='bbox 1447 1572 1644 1634; x_wconf 80' lang='lat' dir='ltr'><strong><em>testimoniet</em></strong></span> <span class='ocrx_word' id='word_1_116' title='bbox 1675 1579 1823 1644; x_wconf 75' lang='lat' dir='ltr'><strong><em>oramus,</em></strong></span> 
     </span>
     <span class='ocr_line' id='line_1_13' title="bbox 256 1645 1822 1794; baseline 0.001 -82"><span class='ocrx_word' id='word_1_117' title='bbox 256 1687 263 1694; x_wconf 93' lang='lat'>-</span> <span class='ocrx_word' id='word_1_118' title='bbox 287 1645 436 1732; x_wconf 86' lang='lat' dir='ltr'><strong><em>felicem</em></strong></span> <span class='ocrx_word' id='word_1_119' title='bbox 455 1673 524 1736; x_wconf 88' lang='lat' dir='ltr'><strong><em>per</em></strong></span> <span class='ocrx_word' id='word_1_120' title='bbox 550 1651 664 1714; x_wconf 83' lang='lat' dir='ltr'><strong><em>omnia</em></strong></span> <span class='ocrx_word' id='word_1_121' title='bbox 694 1652 801 1714; x_wconf 79' lang='lat' dir='ltr'><strong><em>citam</em></strong></span> <span class='ocrx_word' id='word_1_122' title='bbox 818 1650 976 1794; x_wconf 56' lang='lat' dir='ltr'><strong><em>lplaniora</em></strong></span> <span class='ocrx_word' id='word_1_123' title='bbox 990 1649 1068 1736; x_wconf 85' lang='lat' dir='ltr'><strong><em>fiae</em></strong></span> <span class='ocrx_word' id='word_1_124' title='bbox 1091 1651 1292 1737; x_wconf 82' lang='lat' dir='ltr'><strong><em>compleuit3</em></strong></span> <span class='ocrx_word' id='word_1_125' title='bbox 1317 1663 1349 1712; x_wconf 91' lang='lat' dir='ltr'><strong><em>et</em></strong></span> <span class='ocrx_word' id='word_1_126' title='bbox 1367 1649 1555 1712; x_wconf 80' lang='lat' dir='ltr'><strong><em>obtinuerat</em></strong></span> <span class='ocrx_word' id='word_1_127' title='bbox 1563 1651 1635 1730; x_wconf 63' lang='lat' dir='ltr'><strong><em>m)</em></strong></span> <span class='ocrx_word' id='word_1_128' title='bbox 1653 1648 1718 1742; x_wconf 73' lang='lat' dir='ltr'><strong><em>sibi</em></strong></span> <span class='ocrx_word' id='word_1_129' title='bbox 1742 1671 1822 1736; x_wconf 84' lang='lat' dir='ltr'><strong><em>reg·</em></strong></span> 
     </span>
    </p>
   </div>
   <div class='ocr_carea' id='block_1_4' title="bbox 240 1727 2165 4244">
    <p class='ocr_par' dir='ltr' id='par_1_5' title="bbox 240 1727 2165 4244">
     <span class='ocr_line' id='line_1_14' title="bbox 294 1727 1823 1817; baseline 0.001 -25"><span class='ocrx_word' id='word_1_130' title='bbox 294 1751 378 1793; x_wconf 88' lang='lat' dir='ltr'><strong><em>num</em></strong></span> <span class='ocrx_word' id='word_1_131' title='bbox 404 1729 531 1808; x_wconf 78' lang='lat' dir='ltr'><strong><em>Angiiae</em></strong></span> <span class='ocrx_word' id='word_1_132' title='bbox 562 1729 724 1795; x_wconf 75' lang='lat' dir='ltr'><strong><em>Herol&#39;dus</em></strong></span> <span class='ocrx_word' id='word_1_133' title='bbox 756 1739 789 1792; x_wconf 90' lang='lat' dir='ltr'><strong><em>et</em></strong></span> <span class='ocrx_word' id='word_1_134' title='bbox 850 1728 1065 1808; x_wconf 77' lang='lat' dir='ltr'><strong><em>ssi-decumus,</em></strong></span> <span class='ocrx_word' id='word_1_135' title='bbox 1112 1731 1208 1816; x_wconf 80' lang='lat' dir='ltr'><strong><em>digni</em></strong></span> <span class='ocrx_word' id='word_1_136' title='bbox 1236 1741 1327 1792; x_wconf 87' lang='lat' dir='ltr'><strong><em>tanto</em></strong></span> <span class='ocrx_word' id='word_1_137' title='bbox 1352 1741 1454 1815; x_wconf 87' lang='lat' dir='ltr'><strong><em>patre</em></strong></span> <span class='ocrx_word' id='word_1_138' title='bbox 1473 1727 1564 1812; x_wconf 78' lang='lat' dir='ltr'><strong><em>filii,</em></strong></span> <span class='ocrx_word' id='word_1_139' title='bbox 1611 1751 1736 1793; x_wconf 83' lang='lat' dir='ltr'><strong><em>auram</em></strong></span> <span class='ocrx_word' id='word_1_140' title='bbox 1755 1753 1823 1817; x_wconf 91' lang='lat' dir='ltr'><strong><em>pa-</em></strong></span> 
     </span>
     <span class='ocr_line' id='line_1_15' title="bbox 257 1808 1821 1898; baseline 0.002 -27"><span class='ocrx_word' id='word_1_141' title='bbox 257 1859 261 1870; x_wconf 94' lang='lat'>.</span> <span class='ocrx_word' id='word_1_142' title='bbox 294 1820 389 1872; x_wconf 86' lang='lat' dir='ltr'><strong><em>terne</em></strong></span> <span class='ocrx_word' id='word_1_143' title='bbox 418 1811 608 1874; x_wconf 70' lang='lat' dir='ltr'><em>dulcedinis</em></span> <span class='ocrx_word' id='word_1_144' title='bbox 630 1808 679 1894; x_wconf 70' lang='lat' dir='ltr'><strong><em>fr=</em></strong></span> <span class='ocrx_word' id='word_1_145' title='bbox 725 1809 872 1874; x_wconf 74' lang='lat' dir='ltr'><strong><em>sentirem</em></strong></span> <span class='ocrx_word' id='word_1_146' title='bbox 895 1811 1155 1896; x_wconf 68' lang='lat' dir='ltr'><strong><em>circunquaque</em></strong></span> <span class='ocrx_word' id='word_1_147' title='bbox 1176 1809 1377 1883; x_wconf 68' lang='lat' dir='ltr'><strong><em>redolentes,</em></strong></span> <span class='ocrx_word' id='word_1_148' title='bbox 1423 1830 1566 1896; x_wconf 84' lang='lat' dir='ltr'><strong><em>quorum</em></strong></span> <span class='ocrx_word' id='word_1_149' title='bbox 1587 1831 1668 1872; x_wconf 89' lang='lat' dir='ltr'><strong><em>snae</em></strong></span> <span class='ocrx_word' id='word_1_150' title='bbox 1690 1821 1821 1898; x_wconf 65' lang='lat' dir='ltr'><strong><em>umpa-</em></strong></span> 
     </span>
     <span class='ocr_line' id='line_1_16' title="bbox 256 1832 1821 1976; baseline 0.005 -28"><span class='ocrx_word' id='word_1_151' title='bbox 256 1937 260 1948; x_wconf 93' lang='lat'>.</span> <span class='ocrx_word' id='word_1_152' title='bbox 295 1888 389 1952; x_wconf 86' lang='lat' dir='ltr'><strong><em>ribus</em></strong></span> <span class='ocrx_word' id='word_1_153' title='bbox 411 1891 460 1954; x_wconf 88' lang='lat' dir='ltr'><strong><em>ita</em></strong></span> <span class='ocrx_word' id='word_1_154' title='bbox 484 1904 627 1976; x_wconf 86' lang='lat' dir='ltr'><strong><em>paterne</em></strong></span> <span class='ocrx_word' id='word_1_155' title='bbox 658 1832 827 1955; x_wconf 51' lang='lat' dir='ltr'><strong><em>tsbbrtaris</em></strong></span> <span class='ocrx_word' id='word_1_156' title='bbox 849 1889 1026 1975; x_wconf 88' lang='lat' dir='ltr'><strong><em>amplioris</em></strong></span> <span class='ocrx_word' id='word_1_157' title='bbox 1054 1892 1261 1954; x_wconf 88' lang='lat' dir='ltr'><strong><em>incrementa</em></strong></span> <span class='ocrx_word' id='word_1_158' title='bbox 1283 1891 1430 1954; x_wconf 87' lang='lat' dir='ltr'><strong><em>sentiret.</em></strong></span> <span class='ocrx_word' id='word_1_159' title='bbox 1494 1889 1646 1954; x_wconf 83' lang='lat' dir='ltr'><strong><em>Tandem</em></strong></span> <span class='ocrx_word' id='word_1_160' title='bbox 1668 1903 1821 1956; x_wconf 77' lang='lat' dir='ltr'><strong><em>revocato</em></strong></span> 
     </span>
     <span class='ocr_line' id='line_1_17' title="bbox 294 1967 1821 2066; baseline 0.004 -34"><span class='ocrx_word' id='word_1_161' title='bbox 294 1967 499 2048; x_wconf 80' lang='lat' dir='ltr'><strong><em>Esdwerdo,</em></strong></span> <span class='ocrx_word' id='word_1_162' title='bbox 546 1967 704 2036; x_wconf 73' lang='lat' dir='ltr'><strong><em>adelredi</em></strong></span> <span class='ocrx_word' id='word_1_163' title='bbox 732 1973 824 2058; x_wconf 82' lang='lat' dir='ltr'><strong><em>regie</em></strong></span> <span class='ocrx_word' id='word_1_164' title='bbox 839 1969 941 2059; x_wconf 85' lang='lat' dir='ltr'><strong><em>filio,</em></strong></span> <span class='ocrx_word' id='word_1_165' title='bbox 988 1971 1157 2036; x_wconf 78' lang='lat' dir='ltr'><strong><em>mediante</em></strong></span> <span class='ocrx_word' id='word_1_166' title='bbox 1179 1967 1323 2048; x_wconf 78' lang='lat' dir='ltr'><strong><em>Alvino,</em></strong></span> <span class='ocrx_word' id='word_1_167' title='bbox 1368 1971 1588 2038; x_wconf 83' lang='lat' dir='ltr'><strong><em>Wiatonisnsi</em></strong></span> <span class='ocrx_word' id='word_1_168' title='bbox 1620 1973 1821 2066; x_wconf 83' lang='lat' dir='ltr'><strong><em>episcopo&amp;</em></strong></span> 
     </span>
     <span class='ocr_line' id='line_1_18' title="bbox 291 2045 1820 2138; baseline 0.003 -24"><span class='ocrx_word' id='word_1_169' title='bbox 291 2045 457 2116; x_wconf 84' lang='lat' dir='ltr'><strong><em>Godwioo</em></strong></span> <span class='ocrx_word' id='word_1_170' title='bbox 486 2057 622 2130; x_wconf 78' lang='lat' dir='ltr'><strong><em>mmits,</em></strong></span> <span class='ocrx_word' id='word_1_171' title='bbox 669 2051 976 2138; x_wconf 75' lang='lat' dir='ltr'><strong><em>convocatisapud</em></strong></span> <span class='ocrx_word' id='word_1_172' title='bbox 997 2048 1226 2117; x_wconf 68' lang='lat' dir='ltr'><strong><em>fluaesheue·</em></strong></span> <span class='ocrx_word' id='word_1_173' title='bbox 1247 2053 1347 2116; x_wconf 86' lang='lat' dir='ltr'><strong><em>totius</em></strong></span> <span class='ocrx_word' id='word_1_174' title='bbox 1374 2047 1492 2134; x_wconf 74' lang='lat' dir='ltr'><strong><em>englis</em></strong></span> <span class='ocrx_word' id='word_1_175' title='bbox 1519 2051 1725 2130; x_wconf 79' lang='lat' dir='ltr'><strong><em>Baronebus,</em></strong></span> <span class='ocrx_word' id='word_1_176' title='bbox 1770 2055 1820 2118; x_wconf 87' lang='lat' dir='ltr'><strong><em>ita</em></strong></span> 
     </span>
     <span class='ocr_line' id='line_1_19' title="bbox 251 2129 1822 2222; baseline 0.004 -30"><span class='ocrx_word' id='word_1_177' title='bbox 251 2169 256 2176; x_wconf 93' lang='lat'><em>·</em></span> <span class='ocrx_word' id='word_1_178' title='bbox 291 2129 426 2196; x_wconf 87' lang='lat' dir='ltr'><strong><em>demum</em></strong></span> <span class='ocrx_word' id='word_1_179' title='bbox 460 2133 495 2196; x_wconf 91' lang='lat' dir='ltr'><strong><em>in</em></strong></span> <span class='ocrx_word' id='word_1_180' title='bbox 524 2157 561 2200; x_wconf 92' lang='lat' dir='ltr'><strong><em>re</em></strong></span> <span class='ocrx_word' id='word_1_181' title='bbox 586 2157 639 2198; x_wconf 88' lang='lat' dir='ltr'><strong><em>em</em></strong></span> <span class='ocrx_word' id='word_1_182' title='bbox 666 2133 899 2218; x_wconf 67' lang='lat' dir='ltr'><strong><em>suscipiendae</em></strong></span> <span class='ocrx_word' id='word_1_183' title='bbox 928 2133 1069 2198; x_wconf 77' lang='lat' dir='ltr'><strong><em>caeditur</em></strong></span> <span class='ocrx_word' id='word_1_184' title='bbox 1075 2179 1089 2208; x_wconf 91' lang='lat'><strong><em>,</em></strong></span> <span class='ocrx_word' id='word_1_185' title='bbox 1136 2135 1165 2196; x_wconf 88' lang='lat' dir='ltr'><strong><em>si</em></strong></span> <span class='ocrx_word' id='word_1_186' title='bbox 1193 2135 1242 2198; x_wconf 86' lang='lat' dir='ltr'><strong><em>eie</em></strong></span> <span class='ocrx_word' id='word_1_187' title='bbox 1270 2132 1378 2198; x_wconf 84' lang='lat' dir='ltr'><strong><em>Caudi</em></strong></span> <span class='ocrx_word' id='word_1_188' title='bbox 1408 2133 1500 2222; x_wconf 80' lang='lat' dir='ltr'><strong><em>leges</em></strong></span> <span class='ocrx_word' id='word_1_189' title='bbox 1526 2145 1557 2196; x_wconf 88' lang='lat' dir='ltr'><strong><em>et</em></strong></span> <span class='ocrx_word' id='word_1_190' title='bbox 1567 2131 1729 2218; x_wconf 82' lang='lat' dir='ltr'><strong><em>filiorum</em></strong></span> <span class='ocrx_word' id='word_1_191' title='bbox 1749 2137 1822 2217; x_wconf 80' lang='lat' dir='ltr'><strong><em>ejus</em></strong></span> 
     </span>
     <span class='ocr_line' id='line_1_20' title="bbox 252 2157 1820 2300; baseline 0.003 -25"><span class='ocrx_word' id='word_1_192' title='bbox 252 2251 256 2260; x_wconf 93' lang='lat'>.</span> <span class='ocrx_word' id='word_1_193' title='bbox 291 2212 488 2277; x_wconf 73' lang='lat' dir='ltr'><strong><em>inconuulsa</em></strong></span> <span class='ocrx_word' id='word_1_194' title='bbox 516 2157 700 2280; x_wconf 60' lang='lat' dir='ltr'><strong><em>stcsbilitate</em></strong></span> <span class='ocrx_word' id='word_1_195' title='bbox 728 2239 786 2278; x_wconf 86' lang='lat' dir='ltr'><strong><em>suo</em></strong></span> <span class='ocrx_word' id='word_1_196' title='bbox 817 2227 966 2300; x_wconf 86' lang='lat' dir='ltr'><strong><em>tempore</em></strong></span> <span class='ocrx_word' id='word_1_197' title='bbox 994 2235 1172 2278; x_wconf 80' lang='lat' dir='ltr'><strong><em>asaneuras</em></strong></span> <span class='ocrx_word' id='word_1_198' title='bbox 1182 2260 1194 2289; x_wconf 95' lang='lat'><strong><em>,</em></strong></span> <span class='ocrx_word' id='word_1_199' title='bbox 1233 2215 1424 2297; x_wconf 85' lang='lat' dir='ltr'><strong><em>juramenti</em></strong></span> <span class='ocrx_word' id='word_1_200' title='bbox 1452 2211 1685 2299; x_wconf 71' lang='lat' dir='ltr'><strong><em>satisfactione</em></strong></span> <span class='ocrx_word' id='word_1_201' title='bbox 1705 2218 1820 2280; x_wconf 88' lang='lat' dir='ltr'><strong><em>sanci·</em></strong></span> 
     </span>
     <span class='ocr_line' id='line_1_21' title="bbox 292 2294 1820 2382; baseline 0.002 -24"><span class='ocrx_word' id='word_1_202' title='bbox 292 2305 354 2358; x_wconf 77' lang='lat' dir='ltr'><strong><em>ret</em></strong></span> <span class='ocrx_word' id='word_1_203' title='bbox 398 2294 495 2360; x_wconf 52' lang='lat' dir='ltr'><strong><em>*Hic</em></strong></span> <span class='ocrx_word' id='word_1_204' title='bbox 521 2319 598 2362; x_wconf 82' lang='lat' dir='ltr'><strong><em>vcro</em></strong></span> <span class='ocrx_word' id='word_1_205' title='bbox 626 2294 785 2380; x_wconf 83' lang='lat' dir='ltr'><strong><em>felicibus</em></strong></span> <span class='ocrx_word' id='word_1_206' title='bbox 805 2295 1004 2359; x_wconf 87' lang='lat' dir='ltr'><strong><em>sublimatus</em></strong></span> <span class='ocrx_word' id='word_1_207' title='bbox 1023 2295 1204 2380; x_wconf 80' lang='lat' dir='ltr'><strong><em>auspiciis,</em></strong></span> <span class='ocrx_word' id='word_1_208' title='bbox 1251 2317 1373 2382; x_wconf 71' lang='lat' dir='ltr'><strong><em>nesigno</em></strong></span> <span class='ocrx_word' id='word_1_209' title='bbox 1392 2297 1544 2360; x_wconf 84' lang='lat' dir='ltr'><strong><em>veritatis</em></strong></span> <span class='ocrx_word' id='word_1_210' title='bbox 1561 2305 1594 2359; x_wconf 91' lang='lat' dir='ltr'><strong><em>et</em></strong></span> <span class='ocrx_word' id='word_1_211' title='bbox 1603 2297 1739 2381; x_wconf 87' lang='lat' dir='ltr'><strong><em>justitie</em></strong></span> <span class='ocrx_word' id='word_1_212' title='bbox 1757 2297 1820 2360; x_wconf 88' lang='lat' dir='ltr'><strong><em>do-</em></strong></span> 
     </span>
     <span class='ocr_line' id='line_1_22' title="bbox 291 2375 1818 2465; baseline 0.001 -25"><span class='ocrx_word' id='word_1_213' title='bbox 291 2388 462 2452; x_wconf 85' lang='lat' dir='ltr'><strong><em>cumento,</em></strong></span> <span class='ocrx_word' id='word_1_214' title='bbox 504 2401 565 2443; x_wconf 79' lang='lat' dir='ltr'><strong><em>ren</em></strong></span> <span class='ocrx_word' id='word_1_215' title='bbox 599 2379 783 2465; x_wconf 86' lang='lat' dir='ltr'><strong><em>imperium</em></strong></span> <span class='ocrx_word' id='word_1_216' title='bbox 816 2389 848 2440; x_wconf 87' lang='lat' dir='ltr'><strong><em>et</em></strong></span> <span class='ocrx_word' id='word_1_217' title='bbox 886 2376 1048 2463; x_wconf 86' lang='lat' dir='ltr'><strong><em>quicquid</em></strong></span> <span class='ocrx_word' id='word_1_218' title='bbox 1082 2381 1118 2440; x_wconf 90' lang='lat' dir='ltr'><strong><em>ia</em></strong></span> <span class='ocrx_word' id='word_1_219' title='bbox 1148 2377 1305 2438; x_wconf 79' lang='lat' dir='ltr'><strong><em>burnonis</em></strong></span> <span class='ocrx_word' id='word_1_220' title='bbox 1335 2375 1434 2440; x_wconf 85' lang='lat' dir='ltr'><strong><em>bodie</em></strong></span> <span class='ocrx_word' id='word_1_221' title='bbox 1463 2375 1594 2439; x_wconf 86' lang='lat' dir='ltr'><strong><em>malum</em></strong></span> <span class='ocrx_word' id='word_1_222' title='bbox 1622 2377 1755 2440; x_wconf 83' lang='lat' dir='ltr'><strong><em>videtur</em></strong></span> <span class='ocrx_word' id='word_1_223' title='bbox 1776 2401 1818 2441; x_wconf 89' lang='lat' dir='ltr'><strong><em>ac</em></strong></span> 
     </span>
     <span class='ocr_line' id='line_1_23' title="bbox 291 2455 1819 2545; baseline 0.001 -25"><span class='ocrx_word' id='word_1_224' title='bbox 291 2457 454 2521; x_wconf 86' lang='lat' dir='ltr'><strong><em>miserum</em></strong></span> <span class='ocrx_word' id='word_1_225' title='bbox 473 2457 620 2543; x_wconf 88' lang='lat' dir='ltr'><strong><em>fortiori</em></strong></span> <span class='ocrx_word' id='word_1_226' title='bbox 643 2459 828 2545; x_wconf 86' lang='lat' dir='ltr'><strong><em>felicitatis</em></strong></span> <span class='ocrx_word' id='word_1_227' title='bbox 859 2459 980 2520; x_wconf 86' lang='lat' dir='ltr'><strong><em>euertit</em></strong></span> <span class='ocrx_word' id='word_1_228' title='bbox 1011 2468 1211 2542; x_wconf 77' lang='lat' dir='ltr'><strong><em>augmento,</em></strong></span> <span class='ocrx_word' id='word_1_229' title='bbox 1252 2457 1300 2518; x_wconf 87' lang='lat' dir='ltr'><strong><em>sic</em></strong></span> <span class='ocrx_word' id='word_1_230' title='bbox 1326 2455 1374 2518; x_wconf 88' lang='lat' dir='ltr'><strong><em>ad</em></strong></span> <span class='ocrx_word' id='word_1_231' title='bbox 1396 2457 1510 2520; x_wconf 87' lang='lat' dir='ltr'><strong><em>omnia</em></strong></span> <span class='ocrx_word' id='word_1_232' title='bbox 1529 2457 1695 2520; x_wconf 79' lang='lat' dir='ltr'><strong><em>virtutum</em></strong></span> <span class='ocrx_word' id='word_1_233' title='bbox 1717 2479 1819 2522; x_wconf 82' lang='lat' dir='ltr'><strong><em>orua-</em></strong></span> 
     </span>
     <span class='ocr_line' id='line_1_24' title="bbox 292 2536 1815 2624; baseline 0.003 -25"><span class='ocrx_word' id='word_1_234' title='bbox 292 2549 404 2600; x_wconf 88' lang='lat' dir='ltr'><strong><em>menta</em></strong></span> <span class='ocrx_word' id='word_1_235' title='bbox 432 2541 650 2624; x_wconf 82' lang='lat' dir='ltr'><strong><em>compositus,</em></strong></span> <span class='ocrx_word' id='word_1_236' title='bbox 698 2549 754 2613; x_wconf 88' lang='lat' dir='ltr'><strong><em>ut,</em></strong></span> <span class='ocrx_word' id='word_1_237' title='bbox 801 2536 890 2622; x_wconf 89' lang='lat' dir='ltr'><strong><em>quod</em></strong></span> <span class='ocrx_word' id='word_1_238' title='bbox 917 2537 1045 2599; x_wconf 81' lang='lat' dir='ltr'><strong><em>&#39;adram</em></strong></span> <span class='ocrx_word' id='word_1_239' title='bbox 1073 2547 1139 2612; x_wconf 87' lang='lat' dir='ltr'><strong><em>eet,</em></strong></span> <span class='ocrx_word' id='word_1_240' title='bbox 1185 2537 1354 2599; x_wconf 88' lang='lat' dir='ltr'><strong><em>communi</em></strong></span> <span class='ocrx_word' id='word_1_241' title='bbox 1376 2538 1528 2601; x_wconf 90' lang='lat' dir='ltr'><strong><em>omnium</em></strong></span> <span class='ocrx_word' id='word_1_242' title='bbox 1552 2547 1627 2601; x_wconf 77' lang='lat' dir='ltr'><strong><em>voto</em></strong></span> <span class='ocrx_word' id='word_1_243' title='bbox 1646 2550 1815 2624; x_wconf 81' lang='lat' dir='ltr'><strong><em>regnaret.</em></strong></span> 
     </span>
     <span class='ocr_line' id='line_1_25' title="bbox 291 2612 1818 2706; baseline 0.003 -28"><span class='ocrx_word' id='word_1_244' title='bbox 291 2615 481 2682; x_wconf 86' lang='lat' dir='ltr'><strong><em>Hinc.eunt</em></strong></span> <span class='ocrx_word' id='word_1_245' title='bbox 506 2621 568 2682; x_wconf 90' lang='lat' dir='ltr'><strong><em>ille</em></strong></span> <span class='ocrx_word' id='word_1_246' title='bbox 589 2621 695 2706; x_wconf 81' lang='lat' dir='ltr'><strong><em>leges,</em></strong></span> <span class='ocrx_word' id='word_1_247' title='bbox 738 2617 802 2680; x_wconf 88' lang='lat' dir='ltr'><strong><em>illa</em></strong></span> <span class='ocrx_word' id='word_1_248' title='bbox 819 2618 918 2702; x_wconf 82' lang='lat' dir='ltr'><strong><em>pacis</em></strong></span> <span class='ocrx_word' id='word_1_249' title='bbox 935 2613 1084 2704; x_wconf 85' lang='lat' dir='ltr'><strong><em>federa,</em></strong></span> <span class='ocrx_word' id='word_1_250' title='bbox 1129 2639 1194 2702; x_wconf 88' lang='lat' dir='ltr'><strong><em>quo</em></strong></span> <span class='ocrx_word' id='word_1_251' title='bbox 1212 2638 1344 2704; x_wconf 87' lang='lat' dir='ltr'><strong><em>semper</em></strong></span> <span class='ocrx_word' id='word_1_252' title='bbox 1354 2612 1619 2702; x_wconf 78' lang='lat' dir='ltr'><strong><em>&#39;Angligenerum</em></strong></span> <span class='ocrx_word' id='word_1_253' title='bbox 1637 2619 1740 2682; x_wconf 89' lang='lat' dir='ltr'><strong><em>corda</em></strong></span> <span class='ocrx_word' id='word_1_254' title='bbox 1760 2641 1818 2684; x_wconf 91' lang='lat' dir='ltr'><strong><em>su-</em></strong></span> 
     </span>
     <span class='ocr_line' id='line_1_26' title="bbox 290 2695 1818 2784; baseline 0.004 -25"><span class='ocrx_word' id='word_1_255' title='bbox 290 2697 424 2782; x_wconf 84' lang='lat' dir='ltr'><strong><em>spirant</em></strong></span> <span class='ocrx_word' id='word_1_256' title='bbox 444 2699 608 2764; x_wconf 77' lang='lat' dir='ltr'><strong><em>etmodie</em></strong></span> <span class='ocrx_word' id='word_1_257' title='bbox 644 2709 760 2784; x_wconf 88' lang='lat' dir='ltr'><strong><em>optant</em></strong></span> <span class='ocrx_word' id='word_1_258' title='bbox 791 2695 959 2770; x_wconf 88' lang='lat' dir='ltr'><strong><em>omnibus,</em></strong></span> <span class='ocrx_word' id='word_1_259' title='bbox 1007 2697 1168 2782; x_wconf 86' lang='lat' dir='ltr'><strong><em>quicquid</em></strong></span> <span class='ocrx_word' id='word_1_260' title='bbox 1201 2709 1356 2782; x_wconf 88' lang='lat' dir='ltr'><strong><em>suspecta</em></strong></span> <span class='ocrx_word' id='word_1_261' title='bbox 1390 2697 1604 2764; x_wconf 89' lang='lat' dir='ltr'><strong><em>dominorum</em></strong></span> <span class='ocrx_word' id='word_1_262' title='bbox 1632 2713 1818 2765; x_wconf 88' lang='lat' dir='ltr'><strong><em>commenta</em></strong></span> 
     </span>
     <span class='ocr_line' id='line_1_27' title="bbox 290 2777 1818 2868; baseline 0.005 -29"><span class='ocrx_word' id='word_1_263' title='bbox 290 2779 439 2842; x_wconf 89' lang='lat' dir='ltr'><strong><em>nauitent</em></strong></span> <span class='ocrx_word' id='word_1_264' title='bbox 460 2783 489 2844; x_wconf 76' lang='lat' dir='ltr'><strong><em>tc</em></strong></span> <span class='ocrx_word' id='word_1_265' title='bbox 512 2802 594 2844; x_wconf 87' lang='lat' dir='ltr'><strong><em>rara</em></strong></span> <span class='ocrx_word' id='word_1_266' title='bbox 621 2779 697 2842; x_wconf 91' lang='lat' dir='ltr'><strong><em>boni</em></strong></span> <span class='ocrx_word' id='word_1_267' title='bbox 725 2781 889 2863; x_wconf 90' lang='lat' dir='ltr'><strong><em>completa</em></strong></span> <span class='ocrx_word' id='word_1_268' title='bbox 911 2779 1104 2864; x_wconf 85' lang='lat' dir='ltr'><strong><em>promissio.</em></strong></span> <span class='ocrx_word' id='word_1_269' title='bbox 1153 2777 1286 2844; x_wconf 83' lang='lat' dir='ltr'><strong><em>Crebris</em></strong></span> <span class='ocrx_word' id='word_1_270' title='bbox 1308 2803 1452 2868; x_wconf 88' lang='lat' dir='ltr'><strong><em>namque</em></strong></span> <span class='ocrx_word' id='word_1_271' title='bbox 1480 2781 1645 2845; x_wconf 73' lang='lat' dir='ltr'><strong><em>dirtcdum</em></strong></span> <span class='ocrx_word' id='word_1_272' title='bbox 1667 2779 1818 2866; x_wconf 90' lang='lat' dir='ltr'><strong><em>naufra-</em></strong></span> 
     </span>
     <span class='ocr_line' id='line_1_28' title="bbox 286 2858 1866 2945; baseline 0.004 -23"><span class='ocrx_word' id='word_1_273' title='bbox 286 2859 357 2944; x_wconf 76' lang='lat' dir='ltr'><strong><em>giis</em></strong></span> <span class='ocrx_word' id='word_1_274' title='bbox 383 2868 416 2922; x_wconf 86' lang='lat' dir='ltr'><strong><em>et</em></strong></span> <span class='ocrx_word' id='word_1_275' title='bbox 443 2858 676 2932; x_wconf 71' lang='lat' dir='ltr'><strong><em>habundantia</em></strong></span> <span class='ocrx_word' id='word_1_276' title='bbox 707 2860 872 2924; x_wconf 82' lang='lat' dir='ltr'><strong><em>scelerum</em></strong></span> <span class='ocrx_word' id='word_1_277' title='bbox 898 2859 1058 2945; x_wconf 82' lang='lat' dir='ltr'><strong><em>saginata</em></strong></span> <span class='ocrx_word' id='word_1_278' title='bbox 1079 2859 1218 2924; x_wconf 89' lang='lat' dir='ltr'><strong><em>licentia</em></strong></span> <span class='ocrx_word' id='word_1_279' title='bbox 1238 2861 1341 2925; x_wconf 90' lang='lat' dir='ltr'><strong><em>tantis</em></strong></span> <span class='ocrx_word' id='word_1_280' title='bbox 1364 2861 1613 2928; x_wconf 77' lang='lat' dir='ltr'><strong><em>calamitatibus</em></strong></span> <span class='ocrx_word' id='word_1_281' title='bbox 1633 2885 1675 2927; x_wconf 90' lang='lat' dir='ltr'><strong><em>ac</em></strong></span> <span class='ocrx_word' id='word_1_282' title='bbox 1695 2864 1818 2928; x_wconf 86' lang='lat' dir='ltr'><strong><em>moles-</em></strong></span> <span class='ocrx_word' id='word_1_283' title='bbox 1863 2863 1866 2872; x_wconf 86' lang='lat'>&#39;</span> 
     </span>
     <span class='ocr_line' id='line_1_29' title="bbox 288 2940 1817 3032; baseline 0.003 -28"><span class='ocrx_word' id='word_1_284' title='bbox 288 2941 645 3028; x_wconf 59' lang='lat' dir='ltr'><strong><em>disiunctionibus,</em></strong></span> <span class='ocrx_word' id='word_1_285' title='bbox 669 2940 788 3004; x_wconf 88' lang='lat' dir='ltr'><strong><em>mundi</em></strong></span> <span class='ocrx_word' id='word_1_286' title='bbox 807 2951 967 3016; x_wconf 79' lang='lat' dir='ltr'><strong><em>atteretur,</em></strong></span> <span class='ocrx_word' id='word_1_287' title='bbox 992 2951 1028 3003; x_wconf 88' lang='lat' dir='ltr'><strong><em>at</em></strong></span> <span class='ocrx_word' id='word_1_288' title='bbox 1052 2952 1150 3026; x_wconf 87' lang='lat' dir='ltr'><strong><em>rupto</em></strong></span> <span class='ocrx_word' id='word_1_289' title='bbox 1174 2943 1326 3006; x_wconf 78' lang='lat' dir='ltr'><strong><em>ueritatis</em></strong></span> <span class='ocrx_word' id='word_1_290' title='bbox 1346 2943 1506 3008; x_wconf 86' lang='lat' dir='ltr'><strong><em>instinctu</em></strong></span> <span class='ocrx_word' id='word_1_291' title='bbox 1521 2942 1612 3028; x_wconf 88' lang='lat' dir='ltr'><strong><em>fieri</em></strong></span> <span class='ocrx_word' id='word_1_292' title='bbox 1632 2967 1817 3032; x_wconf 88' lang='lat' dir='ltr'><strong><em>conquera-</em></strong></span> 
     </span>
     <span class='ocr_line' id='line_1_30' title="bbox 288 3021 1817 3109; baseline 0.004 -26"><span class='ocrx_word' id='word_1_293' title='bbox 288 3031 364 3098; x_wconf 69' lang='lat' dir='ltr'><strong><em>turs</em></strong></span> <span class='ocrx_word' id='word_1_294' title='bbox 383 3023 486 3086; x_wconf 74' lang='lat' dir='ltr'><strong><em>isaaco</em></strong></span> <span class='ocrx_word' id='word_1_295' title='bbox 504 3025 654 3088; x_wconf 89' lang='lat' dir='ltr'><strong><em>omnium</em></strong></span> <span class='ocrx_word' id='word_1_296' title='bbox 674 3023 815 3098; x_wconf 89' lang='lat' dir='ltr'><strong><em>animis,</em></strong></span> <span class='ocrx_word' id='word_1_297' title='bbox 834 3033 925 3084; x_wconf 87' lang='lat' dir='ltr'><strong><em>metu</em></strong></span> <span class='ocrx_word' id='word_1_298' title='bbox 945 3031 977 3089; x_wconf 89' lang='lat' dir='ltr'><strong><em>et</em></strong></span> <span class='ocrx_word' id='word_1_299' title='bbox 996 3021 1142 3085; x_wconf 87' lang='lat' dir='ltr'><strong><em>miseriis</em></strong></span> <span class='ocrx_word' id='word_1_300' title='bbox 1159 3033 1253 3086; x_wconf 88' lang='lat' dir='ltr'><strong><em>certa</em></strong></span> <span class='ocrx_word' id='word_1_301' title='bbox 1273 3034 1325 3087; x_wconf 89' lang='lat' dir='ltr'><strong><em>tre</em></strong></span> <span class='ocrx_word' id='word_1_302' title='bbox 1348 3021 1684 3109; x_wconf 79' lang='lat' dir='ltr'><strong><em>idacioaeconfueis,</em></strong></span> <span class='ocrx_word' id='word_1_303' title='bbox 1704 3025 1817 3089; x_wconf 88' lang='lat' dir='ltr'><strong><em>diram</em></strong></span> 
     </span>
     <span class='ocr_line' id='line_1_31' title="bbox 245 3045 1817 3192; baseline 0.003 -28"><span class='ocrx_word' id='word_1_304' title='bbox 245 3139 250 3146; x_wconf 92' lang='lat'><strong>·</strong></span> <span class='ocrx_word' id='word_1_305' title='bbox 284 3098 443 3185; x_wconf 78' lang='lat' dir='ltr'><strong><em>fallendi</em></strong></span> <span class='ocrx_word' id='word_1_306' title='bbox 470 3104 684 3168; x_wconf 76' lang='lat' dir='ltr'><strong><em>cediditatem</em></strong></span> <span class='ocrx_word' id='word_1_307' title='bbox 719 3104 1016 3188; x_wconf 85' lang='lat' dir='ltr'><strong><em>superintemptat,</em></strong></span> <span class='ocrx_word' id='word_1_308' title='bbox 1063 3102 1177 3190; x_wconf 82' lang='lat' dir='ltr'><strong><em>siquid</em></strong></span> <span class='ocrx_word' id='word_1_309' title='bbox 1208 3115 1241 3167; x_wconf 89' lang='lat' dir='ltr'><strong><em>et</em></strong></span> <span class='ocrx_word' id='word_1_310' title='bbox 1271 3045 1404 3168; x_wconf 67' lang='lat' dir='ltr'><strong><em>saliebri</em></strong></span> <span class='ocrx_word' id='word_1_311' title='bbox 1422 3105 1562 3192; x_wconf 88' lang='lat' dir='ltr'><strong><em>pietatis</em></strong></span> <span class='ocrx_word' id='word_1_312' title='bbox 1587 3105 1817 3169; x_wconf 83' lang='lat' dir='ltr'><strong><em>recordatione</em></strong></span> 
     </span>
     <span class='ocr_line' id='line_1_32' title="bbox 286 3183 1816 3272; baseline 0.003 -26"><span class='ocrx_word' id='word_1_313' title='bbox 286 3195 497 3270; x_wconf 82' lang='lat' dir='ltr'><strong><em>preparetur</em></strong></span> <span class='ocrx_word' id='word_1_314' title='bbox 504 3209 515 3263; x_wconf 83' lang='lat'>3</span> <span class='ocrx_word' id='word_1_315' title='bbox 558 3207 647 3272; x_wconf 88' lang='lat' dir='ltr'><strong><em>pene</em></strong></span> <span class='ocrx_word' id='word_1_316' title='bbox 665 3183 829 3260; x_wconf 78' lang='lat' dir='ltr'><strong><em>dixerim,</em></strong></span> <span class='ocrx_word' id='word_1_317' title='bbox 864 3184 972 3247; x_wconf 90' lang='lat' dir='ltr'><strong><em>omnis</em></strong></span> <span class='ocrx_word' id='word_1_318' title='bbox 989 3185 1109 3269; x_wconf 84' lang='lat' dir='ltr'><strong><em>gratia</em></strong></span> <span class='ocrx_word' id='word_1_319' title='bbox 1128 3185 1281 3249; x_wconf 77' lang='lat' dir='ltr'><strong><em>veritatis</em></strong></span> <span class='ocrx_word' id='word_1_320' title='bbox 1312 3186 1471 3264; x_wconf 81' lang='lat' dir='ltr'><strong><em>exoletos,</em></strong></span> <span class='ocrx_word' id='word_1_321' title='bbox 1514 3190 1605 3251; x_wconf 78' lang='lat' dir='ltr'><strong><em>velut</em></strong></span> <span class='ocrx_word' id='word_1_322' title='bbox 1624 3207 1700 3248; x_wconf 90' lang='lat' dir='ltr'><strong><em>eam</em></strong></span> <span class='ocrx_word' id='word_1_323' title='bbox 1712 3187 1816 3272; x_wconf 87' lang='lat' dir='ltr'><strong><em>pari-</em></strong></span> 
     </span>
     <span class='ocr_line' id='line_1_33' title="bbox 287 3264 1816 3354; baseline 0.004 -28"><span class='ocrx_word' id='word_1_324' title='bbox 287 3273 341 3328; x_wconf 84' lang='lat' dir='ltr'><strong><em>ter</em></strong></span> <span class='ocrx_word' id='word_1_325' title='bbox 374 3267 543 3354; x_wconf 85' lang='lat' dir='ltr'><strong><em>sacrilega</em></strong></span> <span class='ocrx_word' id='word_1_326' title='bbox 565 3265 860 3352; x_wconf 85' lang='lat' dir='ltr'><strong><em>condempnatione</em></strong></span> <span class='ocrx_word' id='word_1_327' title='bbox 877 3267 1139 3352; x_wconf 84' lang='lat' dir='ltr'><strong><em>prescripseriat</em></strong></span> <span class='ocrx_word' id='word_1_328' title='bbox 1160 3277 1193 3330; x_wconf 85' lang='lat' dir='ltr'><strong><em>et</em></strong></span> <span class='ocrx_word' id='word_1_329' title='bbox 1211 3266 1375 3352; x_wconf 85' lang='lat' dir='ltr'><strong><em>simplum</em></strong></span> <span class='ocrx_word' id='word_1_330' title='bbox 1392 3264 1532 3350; x_wconf 85' lang='lat' dir='ltr'><strong><em>fraudis</em></strong></span> <span class='ocrx_word' id='word_1_331' title='bbox 1553 3275 1708 3330; x_wconf 74' lang='lat' dir='ltr'><strong><em>exactum</em></strong></span> <span class='ocrx_word' id='word_1_332' title='bbox 1728 3268 1816 3354; x_wconf 88' lang='lat' dir='ltr'><strong><em>trip-</em></strong></span> 
     </span>
     <span class='ocr_line' id='line_1_34' title="bbox 288 3341 1814 3434; baseline 0.002 -26"><span class='ocrx_word' id='word_1_333' title='bbox 288 3343 333 3408; x_wconf 88' lang='lat' dir='ltr'><strong><em>lis</em></strong></span> <span class='ocrx_word' id='word_1_334' title='bbox 362 3345 442 3411; x_wconf 90' lang='lat' dir='ltr'><strong><em>bene</em></strong></span> <span class='ocrx_word' id='word_1_335' title='bbox 472 3349 669 3414; x_wconf 88' lang='lat' dir='ltr'><strong><em>meritorum</em></strong></span> <span class='ocrx_word' id='word_1_336' title='bbox 700 3343 954 3410; x_wconf 73' lang='lat' dir='ltr'><strong><em>exhibitionibus</em></strong></span> <span class='ocrx_word' id='word_1_337' title='bbox 972 3341 1178 3430; x_wconf 86' lang='lat' dir='ltr'><strong><em>preferant,</em></strong></span> <span class='ocrx_word' id='word_1_338' title='bbox 1225 3348 1363 3434; x_wconf 81' lang='lat' dir='ltr'><strong><em>etquis</em></strong></span> <span class='ocrx_word' id='word_1_339' title='bbox 1386 3369 1475 3410; x_wconf 91' lang='lat' dir='ltr'><strong><em>nunc</em></strong></span> <span class='ocrx_word' id='word_1_340' title='bbox 1492 3346 1649 3434; x_wconf 87' lang='lat' dir='ltr'><strong><em>pessimis</em></strong></span> <span class='ocrx_word' id='word_1_341' title='bbox 1671 3371 1772 3412; x_wconf 91' lang='lat' dir='ltr'><strong><em>corru</em></strong></span> <span class='ocrx_word' id='word_1_342' title='bbox 1796 3385 1814 3396; x_wconf 93' lang='lat'>-</span> 
     </span>
     <span class='ocr_line' id='line_1_35' title="bbox 288 3371 1815 3516; baseline 0.004 -28"><span class='ocrx_word' id='word_1_343' title='bbox 288 3427 364 3491; x_wconf 87' lang='lat' dir='ltr'><strong><em>telis</em></strong></span> <span class='ocrx_word' id='word_1_344' title='bbox 389 3429 516 3493; x_wconf 81' lang='lat' dir='ltr'><strong><em>vivitur</em></strong></span> <span class='ocrx_word' id='word_1_345' title='bbox 526 3477 537 3506; x_wconf 90' lang='lat'><strong><em>,</em></strong></span> <span class='ocrx_word' id='word_1_346' title='bbox 566 3427 725 3516; x_wconf 85' lang='lat' dir='ltr'><strong><em>profecto</em></strong></span> <span class='ocrx_word' id='word_1_347' title='bbox 739 3423 900 3512; x_wconf 88' lang='lat' dir='ltr'><strong><em>ferendis</em></strong></span> <span class='ocrx_word' id='word_1_348' title='bbox 919 3425 1048 3514; x_wconf 84' lang='lat' dir='ltr'><strong><em>legibus</em></strong></span> <span class='ocrx_word' id='word_1_349' title='bbox 1068 3450 1150 3512; x_wconf 87' lang='lat' dir='ltr'><strong><em>opus</em></strong></span> <span class='ocrx_word' id='word_1_350' title='bbox 1174 3437 1222 3490; x_wconf 87' lang='lat' dir='ltr'><strong><em>est</em></strong></span> <span class='ocrx_word' id='word_1_351' title='bbox 1244 3438 1276 3489; x_wconf 90' lang='lat' dir='ltr'><strong><em>et</em></strong></span> <span class='ocrx_word' id='word_1_352' title='bbox 1300 3448 1341 3489; x_wconf 76' lang='lat' dir='ltr'><strong><em>ea</em></strong></span> <span class='ocrx_word' id='word_1_353' title='bbox 1360 3427 1461 3490; x_wconf 75' lang='lat' dir='ltr'><strong><em>medie</em></strong></span> <span class='ocrx_word' id='word_1_354' title='bbox 1482 3425 1629 3492; x_wconf 85' lang='lat' dir='ltr'><strong><em>moribus</em></strong></span> <span class='ocrx_word' id='word_1_355' title='bbox 1646 3427 1746 3492; x_wconf 85' lang='lat' dir='ltr'><strong><em>bonae</em></strong></span> <span class='ocrx_word' id='word_1_356' title='bbox 1764 3371 1815 3495; x_wconf 74' lang='lat' dir='ltr'><strong><em>ii-</em></strong></span> 
     </span>
     <span class='ocr_line' id='line_1_36' title="bbox 284 3505 1814 3596; baseline 0.001 -23"><span class='ocrx_word' id='word_1_357' title='bbox 284 3528 346 3594; x_wconf 76' lang='lat' dir='ltr'><strong><em>ges</em></strong></span> <span class='ocrx_word' id='word_1_358' title='bbox 367 3511 557 3596; x_wconf 87' lang='lat' dir='ltr'><strong><em>procreari.</em></strong></span> <span class='ocrx_word' id='word_1_359' title='bbox 604 3507 776 3596; x_wconf 80' lang='lat' dir='ltr'><strong><em>Quicquid</em></strong></span> <span class='ocrx_word' id='word_1_360' title='bbox 797 3529 918 3594; x_wconf 85' lang='lat' dir='ltr'><strong><em>corpus</em></strong></span> <span class='ocrx_word' id='word_1_361' title='bbox 947 3519 980 3570; x_wconf 86' lang='lat' dir='ltr'><strong><em>et</em></strong></span> <span class='ocrx_word' id='word_1_362' title='bbox 1000 3507 1153 3572; x_wconf 88' lang='lat' dir='ltr'><strong><em>animum</em></strong></span> <span class='ocrx_word' id='word_1_363' title='bbox 1178 3505 1464 3594; x_wconf 80' lang='lat' dir='ltr'><strong><em>frequentioribus</em></strong></span> <span class='ocrx_word' id='word_1_364' title='bbox 1489 3509 1636 3574; x_wconf 86' lang='lat' dir='ltr'><strong><em>miseriis</em></strong></span> <span class='ocrx_word' id='word_1_365' title='bbox 1656 3514 1814 3588; x_wconf 85' lang='lat' dir='ltr'><strong><em>concutit,</em></strong></span> 
     </span>
     <span class='ocr_line' id='line_1_37' title="bbox 288 3587 1813 3732; baseline 0.002 -79"><span class='ocrx_word' id='word_1_366' title='bbox 288 3589 448 3732; x_wconf 63' lang='lat' dir='ltr'><strong><em>qqicquid</em></strong></span> <span class='ocrx_word' id='word_1_367' title='bbox 473 3591 657 3663; x_wconf 86' lang='lat' dir='ltr'><strong><em>auditionis</em></strong></span> <span class='ocrx_word' id='word_1_368' title='bbox 686 3590 776 3654; x_wconf 89' lang='lat' dir='ltr'><strong><em>male</em></strong></span> <span class='ocrx_word' id='word_1_369' title='bbox 800 3590 949 3672; x_wconf 84' lang='lat' dir='ltr'><strong><em>gemitus</em></strong></span> <span class='ocrx_word' id='word_1_370' title='bbox 978 3597 1011 3648; x_wconf 91' lang='lat' dir='ltr'><strong><em>et</em></strong></span> <span class='ocrx_word' id='word_1_371' title='bbox 1032 3588 1213 3672; x_wconf 84' lang='lat' dir='ltr'><strong><em>popularis</em></strong></span> <span class='ocrx_word' id='word_1_372' title='bbox 1239 3587 1365 3653; x_wconf 80' lang='lat' dir='ltr'><strong><em>invidie</em></strong></span> <span class='ocrx_word' id='word_1_373' title='bbox 1386 3588 1553 3670; x_wconf 88' lang='lat' dir='ltr'><strong><em>adnectit,</em></strong></span> <span class='ocrx_word' id='word_1_374' title='bbox 1597 3593 1813 3678; x_wconf 83' lang='lat' dir='ltr'><strong><em>perquisitius</em></strong></span> 
     </span>
     <span class='ocr_line' id='line_1_38' title="bbox 332 3666 1813 3758; baseline 0.004 -27"><span class='ocrx_word' id='word_1_375' title='bbox 332 3682 480 3736; x_wconf 87' lang='lat' dir='ltr'><strong><em>noratur.</em></strong></span> <span class='ocrx_word' id='word_1_376' title='bbox 526 3671 633 3758; x_wconf 82' lang='lat' dir='ltr'><strong><em>Regis</em></strong></span> <span class='ocrx_word' id='word_1_377' title='bbox 654 3682 766 3734; x_wconf 88' lang='lat' dir='ltr'><strong><em>tamen</em></strong></span> <span class='ocrx_word' id='word_1_378' title='bbox 787 3673 815 3730; x_wconf 80' lang='grc' dir='ltr'><strong><em>δι</em></strong></span> <span class='ocrx_word' id='word_1_379' title='bbox 834 3669 1100 3732; x_wconf 86' lang='lat' dir='ltr'><strong><em>Normsnnorum</em></strong></span> <span class='ocrx_word' id='word_1_380' title='bbox 1120 3666 1233 3748; x_wconf 87' lang='lat' dir='ltr'><strong><em>ducis,</em></strong></span> <span class='ocrx_word' id='word_1_381' title='bbox 1280 3670 1565 3758; x_wconf 79' lang='lat' dir='ltr'><strong><em>augustidomini</em></strong></span> <span class='ocrx_word' id='word_1_382' title='bbox 1588 3674 1694 3736; x_wconf 84' lang='lat' dir='ltr'><strong><em>nostri</em></strong></span> <span class='ocrx_word' id='word_1_383' title='bbox 1712 3675 1813 3738; x_wconf 83' lang='lat' dir='ltr'><strong><em>Cesa-</em></strong></span> 
     </span>
     <span class='ocr_line' id='line_1_39' title="bbox 240 3743 1814 3841; baseline 0.003 -27"><span class='ocrx_word' id='word_1_384' title='bbox 240 3822 245 3834; x_wconf 44' lang='grc'><em>,</em></span> <span class='ocrx_word' id='word_1_385' title='bbox 288 3749 336 3814; x_wconf 91' lang='lat' dir='ltr'><strong><em>rie</em></strong></span> <span class='ocrx_word' id='word_1_386' title='bbox 367 3749 612 3830; x_wconf 76' lang='lat' dir='ltr'><strong><em>Hearici,*”*)</em></strong></span> <span class='ocrx_word' id='word_1_387' title='bbox 659 3749 778 3835; x_wconf 82' lang='lat' dir='ltr'><strong><em>magni</em></strong></span> <span class='ocrx_word' id='word_1_388' title='bbox 796 3745 954 3814; x_wconf 80' lang='lat' dir='ltr'><strong><em>willelmi</em></strong></span> <span class='ocrx_word' id='word_1_389' title='bbox 982 3743 1075 3824; x_wconf 83' lang='lat' dir='ltr'><strong><em>filii,</em></strong></span> <span class='ocrx_word' id='word_1_390' title='bbox 1120 3772 1239 3816; x_wconf 88' lang='lat' dir='ltr'><strong><em>serena</em></strong></span> <span class='ocrx_word' id='word_1_391' title='bbox 1262 3761 1414 3840; x_wconf 87' lang='lat' dir='ltr'><strong><em>tempora</em></strong></span> <span class='ocrx_word' id='word_1_392' title='bbox 1428 3749 1596 3841; x_wconf 83' lang='lat' dir='ltr'><strong><em>fatigatis</em></strong></span> <span class='ocrx_word' id='word_1_393' title='bbox 1611 3755 1689 3837; x_wconf 84' lang='lat' dir='ltr'><strong><em>jam</em></strong></span> <span class='ocrx_word' id='word_1_394' title='bbox 1710 3755 1814 3832; x_wconf 88' lang='lat' dir='ltr'><strong><em>nobis,</em></strong></span> 
     </span>
     <span class='ocr_line' id='line_1_40' title="bbox 289 3827 1813 3921; baseline 0.004 -25"><span class='ocrx_word' id='word_1_395' title='bbox 289 3842 322 3896; x_wconf 84' lang='lat' dir='ltr'><strong><em>et</em></strong></span> <span class='ocrx_word' id='word_1_396' title='bbox 345 3851 449 3916; x_wconf 83' lang='lat' dir='ltr'><strong><em>pene.</em></strong></span> <span class='ocrx_word' id='word_1_397' title='bbox 467 3827 694 3913; x_wconf 82' lang='lat' dir='ltr'><strong><em>deficientibus</em></strong></span> <span class='ocrx_word' id='word_1_398' title='bbox 710 3831 816 3916; x_wconf 84' lang='lat' dir='ltr'><strong><em>pacis</em></strong></span> <span class='ocrx_word' id='word_1_399' title='bbox 851 3853 892 3896; x_wconf 89' lang='lat' dir='ltr'><strong><em>ac</em></strong></span> <span class='ocrx_word' id='word_1_400' title='bbox 920 3827 1107 3914; x_wconf 86' lang='lat' dir='ltr'><strong><em>felicitatis</em></strong></span> <span class='ocrx_word' id='word_1_401' title='bbox 1137 3833 1277 3920; x_wconf 88' lang='lat' dir='ltr'><strong><em>antiqua</em></strong></span> <span class='ocrx_word' id='word_1_402' title='bbox 1310 3834 1456 3910; x_wconf 84' lang='lat' dir='ltr'><strong><em>noticia,</em></strong></span> <span class='ocrx_word' id='word_1_403' title='bbox 1496 3834 1629 3921; x_wconf 78' lang='lat' dir='ltr'><strong><em>gaiedia</em></strong></span> <span class='ocrx_word' id='word_1_404' title='bbox 1667 3835 1813 3902; x_wconf 80' lang='lat' dir='ltr'><strong><em>redure-</em></strong></span> 
     </span>
     <span class='ocr_line' id='line_1_41' title="bbox 289 3911 2165 4005; baseline 0.004 -28"><span class='ocrx_word' id='word_1_405' title='bbox 289 3923 386 3987; x_wconf 88' lang='lat' dir='ltr'><strong><em>runt,</em></strong></span> <span class='ocrx_word' id='word_1_406' title='bbox 433 3911 492 3998; x_wconf 90' lang='lat' dir='ltr'><strong><em>qui</em></strong></span> <span class='ocrx_word' id='word_1_407' title='bbox 512 3911 701 3977; x_wconf 87' lang='lat' dir='ltr'><strong><em>libertatem</em></strong></span> <span class='ocrx_word' id='word_1_408' title='bbox 721 3912 877 3988; x_wconf 90' lang='lat' dir='ltr'><strong><em>ecclesie,</em></strong></span> <span class='ocrx_word' id='word_1_409' title='bbox 897 3963 900 3968; x_wconf 93' lang='lat'>.</span> <span class='ocrx_word' id='word_1_410' title='bbox 923 3912 1137 3976; x_wconf 89' lang='lat' dir='ltr'><strong><em>securitatem</em></strong></span> <span class='ocrx_word' id='word_1_411' title='bbox 1154 3917 1281 4000; x_wconf 88' lang='lat' dir='ltr'><strong><em>patrie,</em></strong></span> <span class='ocrx_word' id='word_1_412' title='bbox 1319 3916 1473 4001; x_wconf 88' lang='lat' dir='ltr'><strong><em>pretium</em></strong></span> <span class='ocrx_word' id='word_1_413' title='bbox 1494 3915 1682 3994; x_wconf 78' lang='lat' dir='ltr'><strong><em>virtutibus,</em></strong></span> <span class='ocrx_word' id='word_1_414' title='bbox 1725 3941 1813 4005; x_wconf 83' lang='lat' dir='ltr'><strong><em>gra·</em></strong></span> <span class='ocrx_word' id='word_1_415' title='bbox 1883 3939 1920 3994; x_wconf 48' lang='grc' dir='ltr'><strong><em>χ,</em></strong></span> <span class='ocrx_word' id='word_1_416' title='bbox 1984 3953 2002 3974; x_wconf 47' lang='grc' dir='ltr'><em>κ</em></span> <span class='ocrx_word' id='word_1_417' title='bbox 2048 3945 2069 3991; x_wconf 68' lang='lat' dir='ltr'><strong><em>s,</em></strong></span> <span class='ocrx_word' id='word_1_418' title='bbox 2104 3925 2165 4000; x_wconf 45' lang='lat' dir='ltr'><strong><em>,pi</em></strong></span> 
     </span>
     <span class='ocr_line' id='line_1_42' title="bbox 287 3979 2144 4082; baseline 0.004 -24"><span class='ocrx_word' id='word_1_419' title='bbox 287 3995 372 4058; x_wconf 86' lang='lat' dir='ltr'><strong><em>tiam</em></strong></span> <span class='ocrx_word' id='word_1_420' title='bbox 407 3993 593 4070; x_wconf 89' lang='lat' dir='ltr'><strong><em>laboribus,</em></strong></span> <span class='ocrx_word' id='word_1_421' title='bbox 664 3991 768 4056; x_wconf 79' lang='lat' dir='ltr'><strong><em>acedia</em></strong></span> <span class='ocrx_word' id='word_1_422' title='bbox 804 3991 1023 4065; x_wconf 89' lang='lat' dir='ltr'><strong><em>merentibus,</em></strong></span> <span class='ocrx_word' id='word_1_423' title='bbox 1069 3993 1241 4082; x_wconf 76' lang='lat' dir='ltr'><strong><em>suffragia</em></strong></span> <span class='ocrx_word' id='word_1_424' title='bbox 1264 3995 1474 4082; x_wconf 87' lang='lat' dir='ltr'><strong><em>poscentibus</em></strong></span> <span class='ocrx_word' id='word_1_425' title='bbox 1535 3997 1571 4061; x_wconf 89' lang='lat' dir='ltr'><strong><em>ia</em></strong></span> <span class='ocrx_word' id='word_1_426' title='bbox 1599 3997 1814 4064; x_wconf 89' lang='lat' dir='ltr'><strong><em>miseratione</em></strong></span> <span class='ocrx_word' id='word_1_427' title='bbox 1838 3981 1856 4012; x_wconf 52' lang='lat'><strong><em>¹*</em></strong></span> <span class='ocrx_word' id='word_1_428' title='bbox 1987 3979 2085 4046; x_wconf 43' lang='grc' dir='ltr'><strong><em>’Ψ</em></strong></span> <span class='ocrx_word' id='word_1_429' title='bbox 2128 4017 2144 4028; x_wconf 78' lang='lat'><strong><em>‘</em></strong></span> 
     </span>
     <span class='ocr_line' id='line_1_43' title="bbox 288 4013 2077 4167; baseline 0.004 -29"><span class='ocrx_word' id='word_1_430' title='bbox 288 4077 450 4160; x_wconf 78' lang='lat' dir='ltr'><strong><em>respexit3</em></strong></span> <span class='ocrx_word' id='word_1_431' title='bbox 496 4077 555 4162; x_wconf 91' lang='lat' dir='ltr'><strong><em>qui</em></strong></span> <span class='ocrx_word' id='word_1_432' title='bbox 581 4013 751 4140; x_wconf 59' lang='lat' dir='ltr'><strong><em>Gelborum</em></strong></span> <span class='ocrx_word' id='word_1_433' title='bbox 773 4073 959 4150; x_wconf 85' lang='lat' dir='ltr'><strong><em>levitatem,</em></strong></span> <span class='ocrx_word' id='word_1_434' title='bbox 1004 4075 1448 4165; x_wconf 79' lang='lat' dir='ltr'><strong><em>Normsnnorum&#39;pugnae,</em></strong></span> <span class='ocrx_word' id='word_1_435' title='bbox 1522 4079 1727 4144; x_wconf 85' lang='lat' dir='ltr'><strong><em>ritsnnorum</em></strong></span> <span class='ocrx_word' id='word_1_436' title='bbox 1741 4077 1812 4167; x_wconf 90' lang='lat' dir='ltr'><strong><em>fu-</em></strong></span> <span class='ocrx_word' id='word_1_437' title='bbox 1844 4067 2030 4116; x_wconf 69' lang='lat'><strong><em>&#39;‘*‘”&#39;&#39;‘&#39;·&#39;&#39;&#39;</em></strong></span> <span class='ocrx_word' id='word_1_438' title='bbox 2056 4084 2077 4098; x_wconf 82' lang='grc'><strong><em>“’</em></strong></span> 
     </span>
     <span class='ocr_line' id='line_1_44' title="bbox 287 4149 2165 4244; baseline 0.006 -26"><span class='ocrx_word' id='word_1_439' title='bbox 287 4157 402 4238; x_wconf 75' lang='lat' dir='ltr'><strong><em>riae„</em></strong></span> <span class='ocrx_word' id='word_1_440' title='bbox 414 4156 739 4244; x_wconf 67' lang='lat' dir='ltr'><strong><em>Denomsnncnsium</em></strong></span> <span class='ocrx_word' id='word_1_441' title='bbox 762 4155 986 4240; x_wconf 84' lang='lat' dir='ltr'><strong><em>jactantiam,</em></strong></span> <span class='ocrx_word' id='word_1_442' title='bbox 1032 4149 1283 4224; x_wconf 81' lang='lat' dir='ltr'><strong><em>Fleadrensium</em></strong></span> <span class='ocrx_word' id='word_1_443' title='bbox 1308 4159 1510 4238; x_wconf 78' lang='lat' dir='ltr'><strong><em>uanitatem,</em></strong></span> <span class='ocrx_word' id='word_1_444' title='bbox 1554 4161 1813 4229; x_wconf 83' lang='lat' dir='ltr'><strong><em>Teutonicorum</em></strong></span> <span class='ocrx_word' id='word_1_445' title='bbox 1836 4176 1888 4226; x_wconf 78' lang='lat' dir='ltr'><strong><em>t</em></strong></span> <span class='ocrx_word' id='word_1_446' title='bbox 1927 4197 1932 4211; x_wconf 57' lang='grc' dir='ltr'><em>ι</em></span> <span class='ocrx_word' id='word_1_447' title='bbox 1990 4190 2005 4206; x_wconf 88' lang='grc'><strong><em>··</em></strong></span> <span class='ocrx_word' id='word_1_448' title='bbox 2019 4196 2034 4231; x_wconf 82' lang='grc'><strong><em>·,</em></strong></span> <span class='ocrx_word' id='word_1_449' title='bbox 2076 4188 2081 4200; x_wconf 75' lang='grc'>’</span> <span class='ocrx_word' id='word_1_450' title='bbox 2135 4174 2165 4192; x_wconf 85' lang='grc'>”</span> 
     </span>
    </p>
   </div>
   <div class='ocr_carea' id='block_1_5' title="bbox 1877 4236 2124 4314">
    <p class='ocr_par' dir='ltr' id='par_1_6' title="bbox 1877 4236 2124 4314">
     <span class='ocr_line' id='line_1_45' title="bbox 1877 4236 2124 4314; baseline -0.008 -31"><span class='ocrx_word' id='word_1_451' title='bbox 1877 4286 1881 4294; x_wconf 56' lang='grc' dir='ltr'>Ι</span> <span class='ocrx_word' id='word_1_452' title='bbox 1938 4266 1974 4298; x_wconf 59' lang='grc' dir='ltr'><strong><em>,μ</em></strong></span> <span class='ocrx_word' id='word_1_453' title='bbox 2013 4236 2124 4314; x_wconf 66' lang='lat' dir='ltr'><strong><em>fittil·</em></strong></span> 
     </span>
    </p>
   </div>
   <div class='ocr_carea' id='block_1_6' title="bbox 2125 4075 2168 4108">
    <p class='ocr_par' dir='ltr' id='par_1_7' title="bbox 2125 4075 2168 4108">
     <span class='ocr_line' id='line_1_46' title="bbox 2125 4075 2168 4108; baseline 0 -6"><span class='ocrx_word' id='word_1_454' title='bbox 2125 4075 2134 4108; x_wconf 83' lang='lat'><strong><em>)</em></strong></span> <span class='ocrx_word' id='word_1_455' title='bbox 2163 4080 2168 4102; x_wconf 82' lang='grc' dir='ltr'>ι</span> 
     </span>
    </p>
   </div>
   <div class='ocr_carea' id='block_1_7' title="bbox 292 4357 1678 4594">
    <p class='ocr_par' dir='ltr' id='par_1_8' title="bbox 292 4357 1678 4594">
     <span class='ocr_line' id='line_1_47' title="bbox 311 4357 1678 4473; baseline -0.001 -23"><span class='ocrx_word' id='word_1_456' title='bbox 311 4396 352 4462; x_wconf 64' lang='lat' dir='ltr'><strong><em>*y</em></strong></span> <span class='ocrx_word' id='word_1_457' title='bbox 381 4397 837 4473; x_wconf 69' lang='lat' dir='ltr'><strong><em>Legemumtoamsspumn·</em></strong></span> <span class='ocrx_word' id='word_1_458' title='bbox 879 4399 1036 4454; x_wconf 53' lang='lat' dir='ltr'><strong><em>titanus</em></strong></span> <span class='ocrx_word' id='word_1_459' title='bbox 1065 4357 1204 4446; x_wconf 52' lang='lat' dir='ltr'><strong><em>,sitici</em></strong></span> <span class='ocrx_word' id='word_1_460' title='bbox 1225 4363 1310 4436; x_wconf 45' lang='lat' dir='ltr'><strong><em>eos*</em></strong></span> <span class='ocrx_word' id='word_1_461' title='bbox 1337 4393 1406 4470; x_wconf 57' lang='grc' dir='ltr'><strong><em>[μ’</em></strong></span> <span class='ocrx_word' id='word_1_462' title='bbox 1433 4405 1437 4418; x_wconf 85' lang='grc'><em>·</em></span> <span class='ocrx_word' id='word_1_463' title='bbox 1471 4392 1644 4444; x_wconf 60' lang='lat' dir='ltr'><strong><em>:mser-¹1·</em></strong></span> <span class='ocrx_word' id='word_1_464' title='bbox 1669 4409 1678 4444; x_wconf 55' lang='grc' dir='ltr'><strong><em>ι’</em></strong></span> 
     </span>
     <span class='ocr_line' id='line_1_48' title="bbox 292 4452 1470 4594; baseline 0.003 -77"><span class='ocrx_word' id='word_1_465' title='bbox 292 4463 346 4594; x_wconf 62' lang='lat'><strong><em>“3</em></strong></span> <span class='ocrx_word' id='word_1_466' title='bbox 384 4467 563 4522; x_wconf 76' lang='lat' dir='ltr'><strong><em>abundamus.</em></strong></span> <span class='ocrx_word' id='word_1_467' title='bbox 899 4460 908 4486; x_wconf 54' lang='lat'>⁸</span> <span class='ocrx_word' id='word_1_468' title='bbox 1462 4452 1470 4484; x_wconf 56' lang='grc' dir='ltr'><em>Ι</em></span> 
     </span>
    </p>
   </div>
   <div class='ocr_carea' id='block_1_8' title="bbox 254 4529 1141 4673">
    <p class='ocr_par' dir='ltr' id='par_1_9' title="bbox 254 4529 1141 4673">
     <span class='ocr_line' id='line_1_49' title="bbox 278 4529 578 4588; baseline 0.017 -6"><span class='ocrx_word' id='word_1_469' title='bbox 278 4529 331 4565; x_wconf 56' lang='grc' dir='ltr'><strong>Μ</strong></span> <span class='ocrx_word' id='word_1_470' title='bbox 382 4534 578 4588; x_wconf 82' lang='lat' dir='ltr'><strong><em>obtinuerant?</em></strong></span> 
     </span>
     <span class='ocr_line' id='line_1_50' title="bbox 254 4593 1141 4673; baseline 0.007 -23"><span class='ocrx_word' id='word_1_471' title='bbox 254 4593 339 4662; x_wconf 61' lang='grc' dir='ltr'><strong><em>Μ)</em></strong></span> <span class='ocrx_word' id='word_1_472' title='bbox 377 4597 516 4656; x_wconf 82' lang='lat' dir='ltr'><strong><em>Heortcus</em></strong></span> <span class='ocrx_word' id='word_1_473' title='bbox 532 4603 649 4673; x_wconf 77' lang='lat' dir='ltr'><strong><em>prinas,</em></strong></span> <span class='ocrx_word' id='word_1_474' title='bbox 666 4603 824 4660; x_wconf 77' lang='lat' dir='ltr'><strong><em>Gussuelmi</em></strong></span> <span class='ocrx_word' id='word_1_475' title='bbox 842 4605 1038 4673; x_wconf 69' lang='lat' dir='ltr'><strong><em>coamatori·</em></strong></span> <span class='ocrx_word' id='word_1_476' title='bbox 1051 4599 1141 4659; x_wconf 83' lang='lat' dir='ltr'><strong><em>flltue.</em></strong></span> 
     </span>
    </p>
   </div>
   <div class='ocr_carea' id='block_1_9' title="bbox 0 0 2188 5222">
    <p class='ocr_par' dir='ltr' id='par_1_10' title="bbox 0 0 2188 5222">
     <span class='ocr_line' id='line_1_51' title="bbox 0 0 2188 5222; baseline 0 6"><span class='ocrx_word' id='word_1_477' title='bbox 0 0 2188 5222; x_wconf 95' lang='lat' dir='ltr'><strong><em> </em></strong></span> 
     </span>
    </p>
   </div>
  </div>
 </body>
</html>
