4368 5222
1709 565 1758 630 Π

256 821 259 830 .
281 749 436 830 umnam
456 745 563 836 sevis
581 761 769 844 ttettvnqus
789 749 975 822 sinentibus
993 762 1118 838 grato.
1150 753 1349 838 erpetuitote
1373 749 1567 820 musiliano
1589 747 1639 820 Et
1658 749 1691 817 si
1709 747 1812 827 tanna

280 833 499 899 dicendorum
538 855 642 918 copus
676 856 741 896 non
770 834 937 920 aspirem,
980 845 1092 896 tomen
1163 855 1204 895 ne
1231 831 1415 903 solstitialis,
1437 825 1601 924 affectum
1625 839 1812 898 monstrose

282 913 450 1002 disposui,
474 935 621 990 memor,
644 911 865 995 sydoniorum
888 915 1090 978 salvotorem
1110 913 1188 979 Iovi
1230 913 1376 978 nondum
1392 911 1571 1000 placuisse.
1612 955 1616 968 .
1807 922 1810 933 “

370 995 485 1081 Hujus
507 995 616 1080 igitur
635 995 748 1080 operis
760 996 914 1082 primum
934 995 1057 1060 tibrum
1079 1012 1190 1060 nouat
1229 997 1260 1072 i,
1298 993 1480 1058 uniendum
1503 990 1645 1076 mttegt,
1683 1005 1717 1054 at
1736 1012 1812 1054 amn

279 1078 375 1165 plius
403 1093 567 1163 evagatus
617 1076 810 1142 unritndnm
838 1099 1015 1162 eoeneum
1044 1079 1234 1146 necessario
1263 1077 1433 1163 capitulo,
1448 1073 1637 1160 :cotidianis
1657 1069 1812 1139 decerta-

281 1157 526 1255 tionibusrnptn
547 1098 730 1240 sublunari..
762 1157 861 1244 Quod
882 1157 918 1222 itt
939 1159 1081 1248 quinque
1103 1157 1290 1224 libellorum
1311 1156 1516 1230 dinsolmote
1546 1151 1809 1240 (dinspnlmota)

281 1239 425 1314 titulavi,
449 1254 534 1303 stent
557 1237 696 1322 antiquo
714 1257 855 1324 potrum
885 1238 1066 1326 disciplina
1093 1239 1269 1326 predoottit
1289 1239 1344 1302 vei
1365 1235 1449 1304 sient
1472 1259 1557 1302 novo
1581 1237 1813 1298 modernorum

279 1321 415 1384 solertia
432 1321 517 1384 snst'
541 1321 623 1382 note.
671 1319 808 1385 Primus
828 1319 914 1386 iiber
937 1323 1081 1386 eontinet
1102 1322 1370 1408 lsgssAninous
1390 1322 1426 1384 in
1448 1320 1591 1383 latinum
1614 1319 1812 1392 ttvznaiutas,¹

281 1401 441 1468 notandus
544 1417 559 1462 t
579 1399 722 1487 quedam
741 1403 869 1488 scripto
891 1405 1052 1489 temporis
1071 1403 1185 1468 nostri·
1198 1407 1399 1482 necessario,
1415 1401 1533 1468 sercin
1554 1410 1603 1470 est
1624 1398 1665 1470 de
1687 1403 1812 1477 stato&

282 1507 303 1548 o
329 1483 423 1626 opidis
442 1505 643 1625 ennscprumg
679 1500 814 1570 quartus
834 1499 883 1546 est
903 1481 945 1548 de
960 1481 1061 1572 furto
1079 1499 1113 1546 et
1126 1481 1282 1570 portibus
1302 1483 1428 1566 ejns.*)
1476 1481 1552 1547 Hes
1571 1498 1647 1546 sont
1663 1481 1814 1545 instituto

308 1589 351 1627 nu
377 1588 389 1628 t
414 1585 505 1650 regis
557 1585 585 1626 c.
640 1583 668 1625 e.

235 1677 269 1766 3)
292 1703 332 1743 ex
355 1693 444 1743 textu
462 1673 637 1749 nonno,
679 1673 736 1764 qui
764 1675 823 1739 sub
854 1699 930 1759 rege
963 1676 1108 1742 Henrico
1140 1691 1197 1747 1Ιιιο
1229 1677 1270 1740 ab
1292 1673 1452 1754 Ernulio,
1488 1673 1651 1764 'episcopo
1670 1673 1815 1739 Roll'ensi

283 1788 326 1867 (†
346 1789 463 1862 1124),
488 1779 690 1870 conscriptus
714 1803 781 1845 esee
806 1781 921 1848 fertur.
930 1789 989 1864 **)
1014 1783 1135 1876 Incipit
1158 1777 1290 1849 collatio
1313 1805 1388 1847 cum
1408 1797 1498 1848 textu
1519 1780 1663 1847 Roffensi
1686 1777 1814 1872 (Buff.)

280 1893 423 1988 primunr
445 1914 462 1952 a
484 1886 590 1978 eapite
611 1891 696 1967 84⁸⁰,
735 1885 793 1952 ubi
818 1907 920 1956 cessat
943 1905 1048 1974 textus
1069 1887 1397 1974 Anglo-Saxonicus,
1435 1891 1560 1980 quippe
1581 1909 1683 1978 quum
1704 1891 1816 1954 Heor-

282 2001 373 2075 nius,
417 1991 505 2060 haud
540 2019 629 2060 secus
651 2021 687 2062 ae
710 1993 766 2061 ille
789 1993 991 2088 descriptor,
1039 2000 1129 2082 cujus
1146 1995 1312 2087 exemplar
1336 2011 1462 2062 secutus
1484 2003 1549 2076 esti
1596 1992 1816 2062 anieccderit'ii

281 2103 546 2198 praetermiserit,
568 2119 656 2167 ratus
682 2106 835 2169 nimirum
861 2105 930 2170 lraec
954 2131 994 2170 ex
1015 2097 1123 2189 legum
1147 2106 1265 2170 Canuti
1288 2103 1496 2184 editionibus,
1521 2125 1593 2193 quae
1613 2105 1699 2194 typis
1720 2127 1817 2170 mau-

260 2214 365 2284 ,datae
387 2228 479 2289 suut,
504 2210 578 2275 sutis
601 2211 730 2294 cognitu
748 2235 826 2277 esse.
874 2213 987 2301 Quum
1013 2213 1097 2290 boc,
1121 2211 1211 2301 quod
1234 2211 1329 2277 nobis
1350 2207 1502 2278 relietum
1523 2229 1588 2288 est,
1611 2227 1715 2278 textus
1734 2213 1818 2279 llos·

285 2321 383 2387 iensis
406 2319 624 2406 fragmentum
647 2343 664 2382 n
686 2319 798 2386 codice
822 2315 1016 2387 Colbcrtino
1040 2317 1140 2385 modo
1163 2339 1276 2410 perum
1298 2315 1459 2400 discedat,
1494 2315 1671 2386 admodum
1693 2321 1818 2388 verosi-

284 2425 371 2496 milis
391 2444 438 2494 est
458 2427 602 2494 Ancheri
626 2427 831 2509 conjectura,
872 2443 927 2492 aut
950 2427 1088 2492 alterum
1109 2415 1149 2492 ex
1170 2421 1272 2492 altero
1296 2447 1363 2490 esse
1385 2427 1599 2517 exscriptum,
1643 2443 1699 2492 aut
1724 2446 1817 2494 conr·

288 2559 419 2601 munem
440 2537 573 2623 utrique
597 2533 695 2598 inisse
719 2533 854 2598 sontem.
989 2605 993 2610 Ι

237 2650 273 2724 4)
295 2669 333 2708 ex
354 2642 505 2706 versione
527 2639 678 2728 antique,
700 2649 798 2730 qn'sm
819 2645 926 2706 serva't
947 2639 1129 2706 chronicon
1141 2631 1471 2734 'tor-naleri's'e‚”q'uod'
1486 2633 1628 2709 iohanni
1646 2646 1816 2710 Bremtoni

284 2748 393 2833 vulgo,
417 2745 475 2812 sed
496 2749 602 2812 minus
623 2763 711 2811 reete
726 2747 890 2812 tribuitur.
937 2747 1106 2814 Invenitur
1126 2749 1195 2815 baee
1220 2755 1326 2818 versio
1350 2751 1383 2816 in
1407 2749 1597 2818 collectione
1618 2750 1818 2842 scriptorum

257 2851 427 2925 'historiae
449 2853 654 2938 Anglicanae,
690 2878 789 2945 quarn
811 2853 915 2920 edidit
938 2857 1067 2944 Roger.
1098 2855 1262 2944 Twysden
1309 2855 1745 2942 Londini1652,'iniol.,
1781 2885 1815 2951 p.

283 2969 438 3044 914-931·
461 2961 598 3032 Accedit
618 2963 687 3028 boee
709 2965 815 3028 versio
838 2963 976 3053 propius
995 2971 1036 3028 ad
1056 2964 1139 3030 Cod.
1157 2967 1188 3030 D
1211 2983 1244 3032 et
1262 2966 1376 3032 [initur
1396 2986 1550 3060 qnoque,
1572 2985 1608 3034 ut
1628 2969 1693 3046 bic,
1712 2972 1816 3060 'capite

286 3079 370 3152 63¹⁰,
416 3069 527 3136 addito
553 3069 683 3161 epilogo
705 3069 884 3138 notissimo.
929 3069 1122 3139 Versionem
1143 3074 1229 3140 hanc
1250 3075 1285 3140 in
1307 3077 1393 3164 notis
1414 3073 1507 3139 litera
1532 3073 1564 3140 B
1585 3077 1818 3160 insignivimus.

241 3186 276 3263 5)
299 3205 338 3246 ex
362 3182 513 3246 versione
542 3178 685 3270 deniqne
707 3181 858 3270 entique,
907 3203 979 3270 quar
1003 3181 1037 3245 in
1062 3177 1256 3251 collectione
1274 3182 1499 3250 Conciliorurn
1519 3177 1662 3247 ecelesiae
1686 3181 1817 3250 Briton-

288 3291 370 3354 nieae
393 3287 434 3352 ab
457 3287 602 3352 Henrieo
621 3285 822 3374 Speimonno
846 3287 932 3354 edite
952 3289 1096 3356 Londini
1118 3297 1201 3368 1639
1221 3285 1290 3371 sol„
1313 3293 1411 3356 Tem.
1423 3287 1450 3354 I.
1468 3311 1544 3378 pag.
1554 3297 1619 3363 560
1640 3309 1727 3382 sqq„
1750 3290 1815 3360 hoc

288 3395 350 3463 sub
385 3393 496 3462 titu'lot
536 3395 667 3460 ”Prisca
688 3397 795 3464 versio
816 3395 925 3479 legum
946 3397 1079 3462 istorum
1104 3397 1222 3464 Canuti
1244 3397 1328 3480 regis
1350 3413 1386 3461 ut
1406 3395 1544 3462 babetur
1567 3401 1601 3464 in
1622 3389 1695 3467 MS.
1714 3401 1815 3484 regio,

292 3506 327 3570 in
347 3503 492 3570 minutiis
510 3499 636 3594 pluries
657 3503 769 3596 dispar
791 3505 1012 3584 niorneleusi,
1034 3499 1204 3594 aliquoties
1226 3505 1322 3569 etism
1344 3507 1379 3570 iu
1396 3506 1605 3589 majoribus.’'
1646 3509 1816 3576 Veriantes

285 3611 383 3695 hujus
408 3613 567 3677 versionis
586 3611 690 3677 rarius
715 3611 826 3690 attuli,
850 3634 951 3702 quum
972 3613 1049 3700 quia
1073 3613 1107 3681 in
1131 3611 1332 3696 gravioribus
1355 3637 1428 3678 cum
1447 3613 1627 3682 Jornslensi
1653 3633 1683 3682 et
1704 3621 1816 3707 saepis-

291 3718 371 3782 sime
393 3718 588 3809 verbotenus
609 3719 781 3800 congruit,
822 3733 891 3784 tum
916 3719 992 3809 quia
1012 3717 1090 3804 legis
1109 3719 1269 3786 seculeris
1290 3745 1328 3786 ea
1349 3723 1449 3788 rnodo
1473 3725 1576 3814 cupita
1602 3724 1815 3815 spelmannus

292 3825 378 3916 typis
403 3821 585 3903 mandevit,
630 3846 702 3913 que
726 3847 778 3897 ree
801 3825 1029 3894 ecclesiastices
1053 3827 1296 3916 quodammodo
1322 3845 1472 3916 tangunt3
1506 3833 1576 3898 bec
1597 3857 1674 3900 vero
1697 3857 1816 3901 nume·

290 3955 365 3999 rum
387 3937 429 4005 24
445 3955 514 3997 non
537 3931 708 4002 excedunt.
762 3935 839 4004 Haee
861 3937 967 4004 versio
989 3937 1023 4001 in
1041 3937 1127 4002 notis
1149 3937 1208 4002 sub
1231 3929 1326 4004 litera
1346 3939 1380 4004 S.
1405 3943 1559 4005 occurrit.

246 4041 406 4110 Ceterum
438 4039 637 4108 variantibus
668 4063 707 4106 ex
738 4039 826 4108 bisce
849 4045 1051 4112 versionibus
1071 4041 1263 4130 colligendis
1283 4069 1431 4131 magnam
1450 4043 1671 4115 difficultatem
1691 4055 1816 4122 versio·

246 4171 325 4216 num
354 4150 424 4240 ipsa
453 4145 580 4218 indoles
600 4149 741 4240 prebet,
786 4176 888 4246 quum
912 4151 980 4226 iere
999 4175 1111 4220 omnes
1133 4176 1201 4222 non
1222 4154 1329 4222 solum
1353 4155 1417 4221 hoe
1440 4155 1491 4223 vel
1509 4155 1568 4224 illo
1586 4157 1705 4239 verbo,
1752 4186 1816 4227 nna

246 4255 387 4325 alterave
414 4255 500 4322 linea
520 4253 725 4348 discrepent,
773 4283 886 4328 verum
907 4264 1022 4354 raepiue
1043 4263 1229 4356 periphrasi
1251 4279 1377 4330 utentes
1400 4285 1548 4348 sensum,
1580 4267 1698 4335 sinon
1719 4267 1816 4362 plene

283 4511 314 4580 ⁴V)
347 4509 480 4598 Quaefltm
499 4513 595 4568 deesse
612 4517 754 4574 videntur.
948 4517 998 4588 fl)
1033 4514 1110 4576 'vite
1127 4508 1317 4592 prelationem
1335 4499 1458 4580 'Hebrnii
1467 4541 1496 4596 p.
1511 4511 1639 4585 XXXV.
1656 4501 1708 4580 ola.
1728 4527 1816 4582 vrau-

382 4582 429 4634 lm
445 4583 563 4651 catalog·
579 4582 678 4641 libror.
695 4589 731 4642 ad
748 4590 885 4646 litentur.
904 4593 1116 4660 monol.
1130 4597 1282 4662 pertinent.
1300 4611 1329 4664 p.
1347 4595 1407 4664 ²7³·
