4344 5220
825 681 884 758 51.
910 669 998 770 (49.)
1069 675 1132 746 De
1148 670 1180 770 ¹)
1208 673 1247 748 οἱ
1267 671 1378 746 illata
1398 675 1532 749 viduoet

523 803 643 875 Vidua
656 808 689 894 ²)
715 817 853 899 autem,
897 810 929 878 ei
952 815 1056 898 rapte
1074 805 1187 878 fuerit
1207 810 1263 897 vi,
1304 817 1341 879 et
1366 832 1449 879 cum
1475 831 1519 878 ea
1547 779 1661 878 coitus
1686 803 1802 879 factus
1826 808 1894 896 eit,
1915 809 1969 878 si-

392 935 468 1010 mili
486 939 610 1028 'pretio
638 939 874 1030 persoluetur·

610 1101 614 1108 ,
665 1083 724 1152 52·
751 1067 852 1166 (50.)'
889 1072 952 1176 130
966 1066 999 1162 Ξ)
1024 1066 1229 1152 adulterio,
1270 1070 1373 1164 quod
1394 1067 1529 1141 mulier
1546 1069 1698 1161 fecerit

522 1201 675 1284 Mulier,
726 1229 806 1296 quae
838 1206 980 1275 vivente
1014 1203 1120 1291 viro,'
1164 1225 1246 1272 cum
1284 1177 1398 1274 altero
1428 1205 1506 1272 viro
1530 1203 1734 1274 adulterata
1758 1201 1888 1291 fuerit,
1939 1212 1975 1272 et

394 1343 558 1423 apertum
584 1333 720 1404 facturn
747 1337 811 1426 sit,
855 1331 966 1427 fiat⁴)
990 1333 1149 1424 sibiipsi
1173 1333 1220 1402 ad
1244 1335 1478 1426 opprobrium
1505 1333 1647 1425 eaeculi',
1672 1344 1712 1402 ct
1735 1336 1791 1406 tir
1814 1335 1891 1425 ejue
1917 1333 1975 1402 le-

394 1465 481 1557 galis
506 1466 639 1535 habeat
653 1463 684 1558 ⁵)
711 1469 832 1536 omnia
857 1489 932 1555 sua,
960 1463 1111 1536 sedilia
1134 1477 1256 1535 careat
1280 1466 1603 1535 naeoetauribue.
1653 1465 1691 1536 Si
1712 1475 1832 1535 autem
1859 1488 1973 1558 nega-

395 1598 487 1667 terit
503 1592 537 1688 ⁶)
561 1607 598 1664 et
620 1620 774 1688 purgare
798 1621 837 1668 ee
862 1597 1032 1687 voluerit,
1078 1607 1116 1668 et
1138 1598 1179 1668 in
1201 1597 1336 1687 judicio
1358 1598 1545 1687 ceciderit,
1595 1598 1784 1689 epiecopus
1797 1592 1831 1690 ⁷)
1858 1599 1976 1670 rideat

397 1741 436 1800 et
462 1727 668 1822 districtess)
703 1733 869 1802 uindicet.
881 1729 916 1823 ⁹)

345 1850 348 1858 ’
697 1871 756 1943 53.
777 1859 868 1957 (51.)
920 1862 982 1933 De
996 1859 1054 1954 10)
1078 1857 1267 1958 adulterio
1290 1881 1317 1926 a
1343 1842 1425 1929 viro
1442 1869 1677 1952 perpetrato.

529 1991 566 2060 Si
592 1993 662 2080 vir,
706 1991 858 2084 legalem
882 1993 1071 2083 conjugem
1094 1990 1252 2072 habene,
1280 1963 1479 2060 fornicatus
1501 2013 1587 2062 cum
1612 1991 1741 2062 aneilla
1766 2015 1832 2064 aua
1855 1992 1977 2084 fuerit,

398 2134 519 2192 careat
544 2123 671 2192 ancilla
694 2123 775 2208 illa,
797 2133 834 2192 et
856 2146 924 2214 pro
938 2135 950 2166 ¹
964 2125 996 2217 ¹)
1019 2131 1134 2191 temet
1156 2123 1236 2212 ipeo
1259 2122 1339 2190 Deo
1364 2134 1402 2194 et
1428 2123 1632 2194 hominium
1658 2127 1836 2198 emendet.
1854 2122 1911 2218 ¹²)

754 2252 757 2260 ¹
860 2262 921 2336 54·
947 2249 1109 2350 (51·52.)
1183 2253 1281 2324 Ile'm
1305 2253 1352 2322 de
1378 2255 1516 2324 eodem.

533 2388 607 2478 Qui
620 2387 731 2457 habet
745 2383 896 2479 legalem
911 2383 968 2481 ¹³)
984 2389 1172 2478 conjugem
1196 2395 1233 2455 et
1256 2388 1363 2456 etiarn
1379 2385 1437 2480 ¹⁴)
1461 2385 1709 2478 concubinam,
1733 2387 1853 2478 nullut
1873 2409 1978 2478 pree-

402 2521 496 2590 biter
530 2544 598 2590 nec
629 2519 754 2614 aliquis
784 2519 873 2590 alius
903 2517 1013 2590 faciat
1042 2521 1076 2588 e'i
1091 2529 1103 2560 ¹
1117 2515 1148 2611 ⁵)
1175 2517 1319 2612 aliquod
1342 2522 1548 2602 servitium,
1562 2517 1619 2612 ις)
1651 2521 1749 2612 quod
1772 2518 1975 2590 christiano

401 2649 480 2719 fieri
506 2653 632 2740 debet,
680 2662 870 2744 antequam
897 2653 1097 2722 cessaverit.
1113 2648 1169 2744 ¹⁷)
1236 2647 1372 2740 Alieni,
1389 2646 1446 2744 ¹⁸)
1471 2653 1540 2722 niei
1554 2648 1611 2744 ¹⁹)
1636 2649 1750 2744 legale
1775 2653 1978 2745 conjugium

402 2781 727 2876 custodierint,²⁰)
752 2783 978 2875 expellantur
1000 2783 1046 2852 de
1071 2793 1168 2852 terre
1196 2807 1279 2854 cum
1304 2783 1503 2855 eubttantia
1517 2780 1577 2878 ²¹)
1603 2791 1640 2854 et
1662 2784 1830 2876 peccatis.

440 3095 469 3163 ι)
500 3099 590 3150 Haece
607 3116 668 3168 cap.
688 3099 861 3150 derideretur
878 3096 908 3148 t‘rt
925 3095 963 3149 Η.

438 3196 469 3265 a)
503 3195 600 3267 Siquis
617 3185 731 3254 viduam
749 3177 800 3267 per
817 3202 875 3253 vira
892 3201 1000 3266 capiat,
1017 3215 1092 3251 mre
1109 3195 1239 3252 emendat
1255 3195 1325 3253 ΠΒ.
1370 3233 1374 3241 =
1521 3199 1555 3272 5)
1590 3199 1663 3254 iil).
1679 3215 1731 3252 om.
1748 3191 1958 3268 ltucrlptt'cm

440 3299 470 3366 l)
504 3305 544 3354 eit
561 3301 595 3354 ad
615 3301 737 3356 dedecus
756 3301 845 3354 eeculi
860 3303 905 3352 eui
922 3303 1012 3368 ipeiue
1031 3307 1060 3352 ei
1077 3296 1127 3352 lto.
1145 3297 1177 3360 Β.

440 3401 471 3468 5)
505 3401 607 3456 habeat
625 3401 680 3456 eibi
697 3407 792 3456 omnia
810 3401 883 3455 boue
902 3418 952 3454 tua
972 3413 1000 3454 et
1017 3404 1078 3472 ipta
1096 3411 1190 3468 careat
1208 3397 1257 3455 ite.
1277 3399 1314 3454 li.

442 3499 473 3568 6)
505 3504 686 3570 compellatio
702 3501 783 3557 litet
800 3507 831 3557 in
851 3501 1026 3556 emendando
1045 3505 1225 3568 minaverunt,
1245 3505 1282 3556 ait
1299 3501 1349 3558 &a
1375 3503 1430 3556 vici.
1450 3512 1507 3557 not.
1526 3523 1551 3574 7.
1569 3501 1602 3557 Β.

440 3601 470 3674 7)
503 3606 542 3655 eit
557 3608 588 3655 ίιι
605 3615 743 3672 potestate
759 3603 895 3676 Episcopi
912 3619 941 3659 et
958 3601 1009 3658 &u
1025 3602 1096 3657 Itu.
1193 3665 1200 3672 ,
1294 3605 1322 3671 8)
1350 3607 1411 3673 ipee
1429 3611 1553 3672 graviter
1570 3604 1679 3675 judicet
1696 3602 1729 3657 Β.

442 3705 472 3774 9)
504 3703 616 3774 judicet
630 3703 707 3758 HA.
905 3705 951 3776 ιο)
984 3709 1073 3762 Haece
1092 3723 1155 3776 cap.
1183 3707 1357 3760 derideretur
1374 3708 1404 3759 ιἰι
1421 3705 1493 3760 HJ).

429 3809 473 3870 ιι)
508 3804 675 3860 Wilkinet‘ue
691 3807 794 3860 uertit:
813 3823 866 3876 pro
882 3822 926 3861 ea·
1123 3806 1168 3877 ιι)
1204 3811 1334 3878 peniteat
1349 3805 1384 3862 B.
1583 3807 1628 3876 ιδ)
1662 3823 1793 3878 epomam
1810 3821 1839 3865 et
1856 3809 1905 3866 icc.
1929 3809 1961 3865 B.

427 3908 473 3977 24)
504 3909 590 3961 simul
606 3905 676 3961 D.B.
885 3907 931 3976 ιδ)
964 3906 1019 3962 eibi
1034 3909 1072 3963 D.

428 4009 474 4078 ιθ)
506 4009 615 4078 aliquid
634 4006 840 4064 rectitudinum
855 4005 890 4062 B·
924 4009 1047 4064 mihim
1060 4009 1134 4062 male
1152 4011 1254 4063 vertit:
1271 4010 1422 4080 judicium.

430 4110 475 4180 ¹7)
506 4107 578 4166 Au
592 4113 658 4168 aad.
675 4122 705 4165 et
720 4127 805 4180 quam
824 4115 947 4168 maxime
967 4110 1097 4164 emendet
1114 4123 1202 4180 prout
1219 4115 1370 4182 episcopua
1387 4129 1453 4168 eum
1470 4112 1627 4168 edocuerit.

430 4213 476 4282 tii)
508 4213 597 4266 alieni
613 4227 646 4264 e:
659 4215 811 4286 peregrini.
844 4215 962 4286 figitur
980 4231 1084 4286 quoque
1101 4214 1131 4264 in
1149 4211 1182 4264 B.
1206 4215 1379 4285 alienigene.

430 4319 474 4386 19)
509 4317 536 4368 ei
552 4311 722 4366 concubitu·
738 4329 806 4368 tuoe
823 4315 947 4384 dirigere
965 4317 1110 4369 noluerint
1128 4313 1161 4372 Β.

429 4418 476 4487 20)
509 4425 588 4470 certo
605 4413 652 4468 die
669 4403 734 4470 ulit.
749 4441 786 4456 -
804 4419 920 4470 inierint
928 4415 973 4486 (l)
992 4415 1029 4469 H·
1053 4414 1243 4486 (hauddubie
1263 4415 1419 4488 legentium:
1437 4415 1644 4481 custodierint)

429 4519 477 4586 ιι)
509 4517 641 4588 pecuum
655 4517 694 4572 Η.
734 4521 855 4588 pecuale
870 4515 905 4570 Β.
