4344 5220
445 485 503 602 ¹st

420 691 424 700 ’
535 687 685 782 Triplex
704 687 838 787 ver01)
862 679 1103 786 juramentum
1126 695 1177 765 e'ic
1202 683 1449 791 conquiratur:
1477 701 1627 794 accipiat
1651 701 1807 795 quinqua
1832 714 1869 772 et
1894 703 1974 792 ipse

403 817 489 917 (ssd)
504 818 547 914 2)-
566 836 709 914 sextus,
746 836 785 896 et
808 828 858 896 sic
880 827 1031 918 jurando
1056 829 1221 920 adquirat
1243 827 1375 921 triplex
1398 833 1588 924 judicium,
1627 846 1689 904 aut
1712 834 1846 924 triplex
1870 835 1975 926 jura-

405 963 578 1024 mentum.
637 949 676 1028 'si
699 954 901 1050 liberalis³)
930 954 1087 1052 h0m04)
1117 959 1229 1032 hebet
1255 961 1398 1033 fidelem
1413 961 1445 1057 ⁵)
1468 965 1671 1056 hominem,
1704 961 1811 1059 qui⁶)
1837 989 1903 1057 pro
1928 987 1973 1034 eo

404 1088 518 1174 possit
546 1088 666 1178 jurare
695 1087 807 1183 ρον)
835 1091 1097 1181 juramentum,
1122 1094 1173 1162 ita
1197 1097 1263 1186 sit,
1294 1095 1324 1163 si
1357 1105 1477 1166 autem
1507 1121 1581 1166 non
1610 1097 1741 1182 habet,
1774 1101 1927 1188 ipsemet
1941 1093 1974 1188 Β)

403 1217 516 1309 juret,
551 1243 618 1290 nec
641 1223 674 1291 ei
695 1217 963 1314 condonetur⁹)
992 1222 1135 1318 aliquod
1159 1247 1224 1316 per
1249 1227 1490 1316 juramentum
1514 1223 1901 1326 (prcejuromentum).
1920 1223 1977 1322 ¹⁰)

602 1365 661 1435 23.
687 1351 776 1448 (21.)
826 1355 888 1424 De
929 1349 986 1446 ¹¹)
1018 1377 1079 1439 eo,
1125 1379 1208 1426 cum
1234 1380 1306 1451 quo
1329 1356 1562 1427 latrocinium
1584 1340 1781 1428 invenitur.

539 1482 578 1552 Si
593 1483 650 1577 Η·)
683 1484 909 1554 latrocinium
935 1487 1115 1557 invenitur
1148 1490 1188 1558 in
1219 1513 1330 1558 manu
1360 1487 1417 1562 vel
1441 1491 1481 1558 in
1508 1499 1683 1580 potestate
1710 1487 1878 1579 alicujus,
1918 1491 1979 1580 qui

406 1631 447 1682 se
477 1633 551 1684 non
585 1621 717 1707 poterit
749 1639 939 1706 excusare,
965 1619 996 1686 si
1021 1618 1098 1688 vult
1130 1629 1344 1690 uuerantem
1361 1616 1417 1713 ¹³)
1439 1622 1647 1702 nominare,
1674 1619 1781 1689 nullo·
1797 1619 1905 1688 modo
1921 1615 1978 1711 14)

407 1745 532 1836 liceat,
564 1751 633 1818 nisi
657 1750 789 1819 habeat
812 1751 902 1818 duos
919 1745 975 1838 ¹⁵)
1000 1751 1147 1818 idoneos
1173 1761 1304 1834 testes,
1334 1753 1395 1840 qui
1420 1750 1557 1820 fuerint
1582 1754 1742 1828 videntes
1769 1759 1807 1819 et
1829 1751 1980 1818 audien-

406 1886 483 1966 tes,
533 1881 629 1948 uude
654 1882 723 1948 sibi
748 1881 867 1966 venit,
912 1880 1007 1970 quod
1031 1881 1070 1947 in
1095 1901 1204 1948 manu
1228 1903 1294 1949 sua
1317 1879 1374 1949 vel
1396 1883 1435 1949 in
1461 1891 1639 1970 potestate
1662 1893 1807 1970 captum
1832 1891 1915 1969 est,
1946 1890 1983 1950 et

408 2009 604 2076 ostendent
630 2019 737 2077 testes
763 2010 832 2078 hoc
864 2029 930 2099 per
957 2020 1240 2100 sacramentum,
1273 2011 1369 2102 quod
1391 2011 1484 2104 juste
1516 2012 1586 2082 eibi
1600 2007 1656 2102 ¹⁶)
1692 2005 1846 2102 sunt¹⁷)
1870 2019 1981 2078 testes

414 2149 450 2207 et
474 2137 616 2222 fideles,
653 2143 746 2210 sicut
770 2141 931 2213 videntes
957 2150 995 2208 et
1019 2142 1221 2232 audientes,
1269 2143 1306 2211 in
1331 2142 1401 2212 fide
1425 2125 1517 2232 Dei,
1566 2151 1603 2213 et
1628 2165 1695 2235 per
1713 2141 1823 2212 fidem
1846 2142 1982 2211 domini

366 2363 369 2370 Ι
414 2273 489 2360 sui,
536 2273 632 2364 quod
654 2273 746 2364 juste
761 2269 817 2365 ¹⁸)
844 2271 934 2341 illud
959 2273 1160 2364 adquisiuit.

805 2411 864 2482 24.
896 2398 985 2498 (22.)
1041 2404 1103 2474 De
1119 2398 1175 2495 ¹⁹)
1208 2402 1389 2497 emptione
1411 2403 1593 2496 pecuniae.

549 2533 726 2606 Volumus
756 2537 883 2624 etium,
932 2543 974 2604 ut
1007 2533 1125 2602 nullus
1152 2545 1248 2604 emat
1272 2535 1404 2628 aliquid
1429 2536 1525 2604 ultra
1549 2545 1701 2628 quatuor
1729 2533 1894 2604 denarios
1919 2553 1985 2620 vaf·

417 2661 594 2768 lens,²⁰)'
635 2689 702 2734 nec
726 2688 804 2734 rem
824 2669 959 2754 vivam,
992 2687 1060 2733 nec
1078 2689 1158 2734 rem
1184 2677 1381 2756 mortuam,
1400 2690 1466 2736 nec
1491 2661 1759 2760 jacentem,²²)
1795 2668 1871 2735 sine
1897 2686 1988 2757 qua-

456 2824 480 2877 ι)
517 2815 553 2866 Η.
571 2817 635 2866 odd.
652 2813 791 2880 judicium
809 2813 864 2868 vel.
880 2839 917 2854 -
933 2811 1008 2865 Latla
1024 2813 1132 2880 triplici
1148 2815 1372 2882 praejuramento.
1394 2811 1427 2868 st
1444 2813 1494 2870 dte.
1510 2811 1544 2866 Β.
1739 2815 1768 2880 a)
1803 2811 1840 2864 Η.
1857 2813 1922 2864 odd.
1941 2815 1985 2864 eit.

454 2911 481 2972 5)
516 2906 747 2962 Theium-habet
763 2905 813 2958 dte.
829 2895 862 2962 Β.
1056 2907 1085 2972 4)
1114 2906 1150 2959 Η.
1168 2909 1233 2960 odd·
1251 2922 1283 2959 os
1301 2908 1392 2962 theia.

455 3007 484 3063 5)
517 2999 666 3057 liberalem
680 2999 717 3051 H.
748 2999 912 3054 credibilem
931 2997 965 3052 B.
1129 3001 1157 3067 6)
1194 3013 1257 3054 aute
1274 3005 1463 3070 jurameutum
1480 3019 1531 3070 pro
1549 3017 1583 3054 eo
1604 3005 1649 3070 eit,
1666 3003 1692 3054 si
1710 2999 1776 3054 iude
1797 3017 1855 3054 non
1873 2997 1922 3057 &a
1939 2997 1972 3052 Β.

456 3103 485 3170 7)
520 3107 584 3168 post
598 3095 634 3148 Η.
668 3097 825 3166 Legendum
841 3103 884 3146 est
897 3096 1156 3163 praeiutsmeutums
1177 3095 1403 3160 abbreviationes,
1422 3097 1520 3168 quibus
1535 3106 1628 3165 peret
1645 3113 1700 3164 pre
1714 3096 1920 3165 exprimuntur,
1934 3094 1992 3165 fo-

554 3193 609 3247 cs'le
616 3191 748 3261 confundi
759 3199 884 3258 possunt.
903 3215 936 3230 —
954 3189 1011 3259 Csr.
1030 3199 1161 3242 coeterum
1174 3192 1206 3243 cle
1219 3191 1269 3242 boc
1276 3193 1496 3260 praejeromessto
1510 3209 1534 3243 s.
1542 3187 1631 3261 serap
1638 3194 1686 3244 Dte
1696 3193 1787 3260 Gange
1801 3199 1829 3243 si
1838 3207 1896 3242 soc·
1911 3197 1992 3240 ants·

548 3292 738 3357 formarum
750 3283 775 3337 &
788 3285 910 3354 Plas'lls'ps
921 3303 952 3355 p.
969 3284 1026 3340 156.
1043 3286 1109 3336 Not.
1126 3285 1187 3336 iso.

458 3387 486 3451 8)
521 3389 582 3453 ipse
601 3383 729 3436 Theious
747 3395 858 3445 capsam
874 3395 954 3433 susm
971 3380 1104 3448 praejuret
1120 3395 1172 3432 nec
1188 3379 1364 3433 condonetur
1382 3376 1433 3432 dec.
1448 3377 1482 3432 Β.

458 3483 486 3550 p)
522 3478 693 3548 perdonatur
711 3475 819 3542 aliquid
833 3483 1036 3526 sacramentnm
1054 3473 1089 3530 Η.
1187 3479 1228 3536 ιο)
1247 3476 1497 3542 antejuramentum
1520 3470 1551 3523 Β.
1657 3473 1700 3537 ιι)
1719 3468 1780 3523 Lex
1796 3469 1939 3524 latrocinii
1955 3469 1994 3523 Η.

445 3579 487 3634 12)
523 3571 559 3623 Et
575 3587 632 3622 nou
650 3573 686 3620 sit
703 3573 852 3636 quisquam
869 3569 989 3634 alicujus
1007 3568 1198 3623 advocationis
1217 3569 1337 3637 diguus,
1353 3573 1409 3621 nisi
1426 3563 1560 3620 credibile
1576 3568 1770 3619 testimonium
1787 3562 1897 3627 babeat,
1917 3565 1994 3618 nude

556 3666 666 3718 tenerit
683 3667 727 3724 ei,
746 3663 905 3730 quodcum
923 3677 958 3713 eo
977 3661 1208 3730 deprehenditur,
1226 3675 1255 3716 et
1272 3667 1424 3716 inreriteut
1443 3651 1543 3730 [duod]
1565 3659 1621 3713 hoc
1641 3665 1696 3728 ipsi
1714 3669 1800 3713 testes
1813 3663 1848 3732 ¹its
1865 3658 1922 3712 lide
1939 3659 1995 3712 Dei

557 3769 587 3811 et
604 3757 779 3819 donimani,
797 3755 874 3822 quod
891 3759 919 3806 ei
937 3759 968 3806 iu
984 3771 1053 3807 vero
1073 3761 1236 3810 testimonio
1255 3761 1320 3824 siut,
1337 3761 1411 3810 sicut
1428 3757 1519 3809 oculis
1537 3753 1747 3822 supersideriut
1763 3765 1792 3808 et
1808 3769 1877 3806 aure
1895 3767 1996 3822 super-

558 3851 727 3912 anditeriut,
748 3847 825 3917 quod
843 3859 918 3900 recte
935 3847 990 3900 boc
1008 3849 1172 3920 adquisiuit.
1190 3849 1260 3903 ΠΒ.
1296 3853 1369 3903 Des'rs
1387 3851 1485 3918 s'sscips't
1502 3867 1564 3918 cop.
1581 3865 1656 3920 sequ.

448 3952 491 4018 ι5)
525 3957 689 4017 guarentem
704 3943 741 4002 H.
766 3945 811 3996 De
828 3960 891 3995 voce
907 3952 982 3995 team
998 3944 1170 4011 (provocatio
1189 3945 1228 3998 od
1244 3947 1396 4011 auctorem)
1414 3945 1469 4001 vid.
1487 3943 1610 4013 Plas'lb'ps
1623 3961 1694 4015 pag.
1712 3957 1772 3996 aot.
1789 3949 1846 3994 not.
1863 3941 1928 4010 539.

448 4049 492 4112 14)
526 4045 563 4098 ii.
581 4043 646 4096 cdd·
663 4041 722 4098 el.'
896 4035 1163 4104 15)A.0m.uuos.
1360 4039 1405 4107 ι6)
1422 4041 1460 4091 Id
1477 4049 1535 4093 est:
1561 4042 1597 4091 ei.
1795 4037 1837 4108 ιγ)
1856 4039 1911 4090 siat
1927 4035 1964 4095 Η.

447 4140 492 4210 18)
528 4142 581 4191 iste
599 4136 635 4192 li.
834 4131 881 4204 ις)
918 4130 979 4184 Lex
997 4133 1155 4188 emanciurn
1173 4136 1233 4186 site
1250 4131 1448 4186 sendencium.
1464 4131 1501 4188 ti.
1531 4179 1536 4186 .

446 4236 493 4296 so)
528 4230 598 4286 nn.
615 4231 680 4282 add.
699 4227 803 4282 mobile
821 4229 867 4280 vel
887 4225 1041 4282 isumobile.
1084 4225 1118 4279 B.
1140 4245 1193 4280 om.
1210 4232 1438 4295 uec...jsceutesn.

445 4331 494 4398 at)
528 4343 573 4382 tes
590 4327 698 4396 jacens,
717 4340 761 4374 res
774 4321 933 4374 immobilis:
951 4325 1081 4374 German·
1101 4326 1216 4392 litpetbt
1235 4323 1355 4386 sstllnbs,
1375 4330 1425 4372 out
1435 4319 1564 4390 forsitan
1576 4320 1671 4386 potius
1685 4337 1729 4372 res
1745 4320 1918 4386 inanimata,
1937 4334 2002 4389 quta

560 4437 590 4472 rs
602 4419 691 4489 ipsam
705 4417 929 4485 reassumpsit,
946 4425 1085 4470 nestrum:
1104 4414 1247 4487 jorthsebit
1264 4433 1288 4471 s.
1306 4413 1440 4479 atbalbit,
1468 4411 1523 4485 cfr.
1537 4411 1742 4468 observationes
1763 4431 1838 4470 meas
1857 4415 1896 4468 ad
1915 4413 2003 4484 legens

562 4511 858 4588 &disputantiam
871 4527 901 4580 p.
916 4509 977 4582 589.
