4344 5220
434 481 483 556 ⁵2

526 699 529 704 ’
604 689 663 758 22.
700 675 773 772 (19.
789 672 863 769 20.)
915 677 976 748 De
998 671 1240 742 sacramentis
1261 670 1310 742 cb
1339 668 1505 742 omnibus
1525 672 1731 763 faciendis.
1950 764 1954 770 Ι

515 809 623 880 Multi
663 809 776 878 fortes
791 806 840 900 ²)·
863 807 1024 876 homines
1063 803 1189 872 volunt
1225 827 1308 874 curn
1340 807 1486 898 iugenio
1517 807 1709 896 defendere
1728 809 1781 880 in
1814 810 1957 902 placitis¹

384 967 466 1020 suos
491 935 734 1034 subjectos,²)
762 965 832 1033 quo
854 939 967 1009 levius
986 934 1055 1004 illis
1077 957 1183 1026 posse
1208 937 1368 1024 videtur,
1394 958 1463 1026 pro
1487 943 1617 1032 serris,
1643 952 1705 1010 sut
1731 963 1798 1034 pro
1824 941 1958 1034 liberios

384 1078 455 1144 Sed
478 1097 543 1144 nos
569 1074 654 1142 huic
679 1073 862 1164 injustitiae
888 1070 1089 1138 consentire
1114 1066 1289 1136 nolumus.
1548 1151 1552 1162 ¹
1592 1150 1593 1159 ἵ

514 1207 711 1296 Propterea
741 1203 992 1293 praecipimus,
1041 1207 1082 1266 ut
1115 1197 1362 1267 omnishomo
1386 1198 1480 1268 ultre
1505 1196 1691 1297 (atatem)
1708 1201 1740 1296 ³)
1766 1205 1957 1275 duodecim

384 1361 562 1408 annorum
592 1335 702 1406 faciet
728 1342 1009 1421 sacromentum,
1039 1330 1160 1422 ·qnod
1189 1352 1256 1399 neo
1281 1328 1373 1400 latro
1388 1327 1422 1423 ⁴)
1449 1329 1647 1425 vulterre,
1686 1358 1755 1404 nec
1777 1335 1909 1404 lstroni
1925 1331 1957 1428 ⁵)

383 1472 595 1540 consentire.

506 1597 599 1693 81⁶)
625 1601 673 1670 sit
695 1579 825 1670 sutem·
839 1597 1025 1690 quisquam
1050 1567 1164 1664 fidelis
1186 1593 1314 1682 horno,
1364 1595 1541 1686 quijuete
1565 1617 1639 1669 non
1658 1596 1769 1669 inserit
1789 1595 1956 1686 colump-

267 1739 270 1750 '
382 1738 501 1806 nictus
534 1735 584 1802 de
604 1731 723 1822 alique
748 1732 845 1816 turpi
868 1751 926 1814 re,
974 1737 1011 1796 et
1033 1730 1091 1796 cui
1112 1729 1354 1815 juramentum
1380 1748 1454 1794 non
1478 1725 1628 1817 fregerit
1651 1726 1736 1820 in⁷)
1760 1749 1841 1816 ore,
1887 1749 1955 1822 neo

381 1865 555 1954 judicium
586 1859 675 1928 ferri
707 1857 765 1928 vel
797 1879 917 1946 equos,
967 1857 1063 1946 quod
1087 1852 1194 1944 Angli
1226 1861 1356 1934 vocent
1378 1852 1473 1950 Pam
1495 1859 1546 1956 pe
1570 1879 1616 1924 ne
1640 1857 1720 1924 bert
1744 1856 1883 1953 (beret)
1907 1880 1955 1935 ne

382 1993 441 2062 nti
466 2013 513 2058 ne
545 1981 674 2056 ortici':
723 1988 790 2054 iste
824 1984 924 2072 telis,
973 1987 1003 2054 si
1037 1983 1227 2074 eliquendo
1242 1979 1561 2073 ⁸)cnlumpniatus
1584 1983 1716 2076 fuerit,
1755 1996 1955 2082 purgetne

383 2122 534 2214 simplici
573 2119 796 2210 purgatione.
871 2113 1009 2184 Infideli
1044 2123 1164 2182 cutem
1193 2111 1332 2184 homiui
1372 2113 1523 2206 eligatur
1551 2117 1811 2209 juramentum,
1858 2118 1954 2212 quod

381 2254 490 2348 Angli
514 2260 644 2324 vocent
669 2245 849 2336 anfealde
873 2245 933 2314 ad
955 2248 994 2315 in
1012 2243 1220 2332 hundredo,
1244 2256 1280 2313 et
1305 2243 1439 2335 triplex
1460 2249 1721 2339 juramentum,
1746 2252 1839 2318 sicut
1863 2272 1954 2320 con·

381 2390 479 2459 venit
494 2377 649 2474 curiae⁹)
675 2379 737 2468 illi,
757 2380 803 2448 ed
828 2401 935 2470 quarn
960 2379 1126 2467 pertinet,
1149 2385 1213 2444 eut
1237 2377 1327 2447 vada
1357 2375 1413 2470 ¹0)
1437 2380 1484 2449 sd
1508 2380 1690 2470 judicium.
1745 2381 1818 2468 Qui
1831 2393 1952 2452 eutem

381 2520 592 2610 conquirere
617 2512 726 2580 debet
747 2509 945 2600 simplicem
960 2519 971 2551 ¹
985 2505 1016 2600 ι)
1040 2509 1299 2598 purgationem,
1325 2508 1479 2599 simplici
1505 2520 1727 2580 sacramento
1746 2511 1816 2580 hoc
1831 2511 1953 2602 faciut,

380 2645 520 2738 hec¹²)
544 2655 599 2712 est
623 2645 774 2732 occipiat
799 2643 906 2723 duos,
932 2651 970 2711 et
993 2642 1041 2708 sit
1064 2643 1142 2728 ipse
1168 2640 1317 2720 tertius,
1350 2643 1461 2709 etsie
1484 2642 1636 2732 jurando
1660 2645 1854 2736 conquiret.
1869 2637 1925 2737 ¹³)

383 2765 611 2787 ...an——

419 2813 446 2875 ld
479 2809 639 2867 Strecman,
674 2803 763 2854 idest
780 2811 909 2869 potentes
925 2803 985 2853 eive
1002 2798 1089 2851 sortes
1107 2797 1253 2859 homiues,
1270 2797 1373 2849 volunt
1390 2797 1542 2853 defendere
1559 2799 1688 2854 homines
1706 2813 1773 2854 enos
1790 2803 1824 2854 ed
1843 2811 1951 2855 utinm·

512 2914 586 2966 que,
612 2901 685 2948 sicut
702 2899 743 2948 eis
761 2892 920 2956 ridebitur,
945 2893 1023 2960 qnod
1039 2902 1108 2944 tnnc
1127 2891 1275 2960 procedet,
1305 2891 1389 2946 modo
1408 2911 1460 2962 pro
1479 2911 1577 2956 servo,
1602 2894 1686 2946 modo
1703 2911 1755 2964 pro
1772 2895 1877 2962 libero,
1901 2897 1950 2950 red

514 2991 565 3044 bro.
582 2989 651 3046 D.B.
1676 2983 1679 2990 '

414 3095 443 3160 α)
476 3088 514 3141 Η.
531 3105 582 3138 om.
599 3083 750 3151 subiectos·
789 3081 1255 3153 TextueAnglaSaeonicusbadet
1269 3098 1347 3144 meu,
1368 3084 1440 3153 qnod
1454 3083 1499 3135 W.
1515 3083 1662 3154 perperam
1678 3103 1731 3154 per
1756 3101 1871 3138 serrum
1888 3103 1950 3138 ver·

512 3184 559 3236 tit·
609 3177 699 3233 Addit
717 3193 831 3246 quoquc
848 3176 886 3230 A.
903 3177 950 3244 gii
963 3177 999 3229 he
1017 3193 1087 3244 meg
1105 3177 1159 3228 rud
1178 3186 1247 3238 mot,
1276 3176 1456 3244 quodetiam
1475 3179 1547 3232 mele
1564 3184 1604 3231 ite
1623 3180 1708 3231 vertit
1726 3178 1781 3232 W:
1799 3184 1823 3231 si
1841 3184 1950 3246 possint

512 3289 541 3331 et
558 3275 684 3330 debeant.
727 3303 732 3312 ·
800 3272 827 3332 5)
846 3281 951 3324 entem
970 3289 1004 3322 ex
1022 3273 1102 3324 codd.
1120 3269 1155 3322 H.
1174 3271 1198 3322 ἃ
1215 3269 1284 3324 Β.Β.
1302 3271 1435 3338 supplevi·
1514 3297 1519 3308 ·
1552 3274 1582 3338 t)
1600 3271 1647 3323 sur
1664 3270 1697 3322 Β.
1790 3271 1820 3336 5)
1832 3271 1899 3322 iuri
1912 3269 1947 3323 Β.

415 3377 444 3443 6)
480 3374 516 3426 Et
533 3375 570 3424 rit
586 3374 676 3424 orturis
693 3367 780 3420 bomo
797 3365 948 3433 credibilis,
968 3370 1019 3434 qui
1036 3381 1094 3416 uon
1110 3363 1198 3417 inerit
1216 3363 1440 3418 accusationibus
1458 3363 1607 3418 iulemrtue
1627 3375 1655 3418 et
1671 3375 1803 3418 neutrum
1815 3367 1842 3416 ei
1848 3364 1947 3436 frege-

511 3468 551 3518 rit
567 3465 614 3516 sel
630 3465 819 3528 jurameutum
837 3464 883 3513 rel
901 3461 1049 3522 ordelium,
1067 3471 1116 3512 eut
1134 3458 1179 3525 (Β.
1190 3463 1312 3522 emant)
1331 3463 1362 3512 iu
1379 3459 1528 3511 hundredo
1546 3469 1594 3511 eut
1611 3469 1702 3522 extre,
1718 3455 1950 3524 (nonnum-

510 3557 570 3620 tre)
587 3557 708 3622 simplici
726 3555 788 3606 lsdr
806 3554 918 3621 dignus.
953 3553 1116 3607 Incredibili
1135 3555 1257 3622 eiruplex
1270 3555 1391 3620 eligetur
1408 3553 1469 3606 lade
1486 3558 1518 3606 iu
1536 3551 1580 3616 (B.
1594 3571 1643 3605 orn.
1662 3555 1856 3621 lu....eimplex
1869 3553 1948 3624 lude)

508 3648 600 3702 tribue
616 3647 771 3699 hundredis
790 3659 819 3699 et
835 3649 941 3716 triplex
957 3650 1163 3713 jurameutum,
1192 3660 1249 3700 tem
1266 3650 1321 3700 lete
1339 3651 1413 3702 sicut
1429 3647 1464 3700 ed
1480 3651 1570 3716 iprum
1594 3653 1702 3702 ourirrn
1720 3645 1868 3710 obeditur,
1901 3649 1949 3700 rel

510 3755 554 3796 eet
569 3741 603 3794 ed
620 3739 768 3792 ordalium.
802 3739 838 3793 Et
856 3741 1005 3794 inducetur
1022 3743 1144 3810 simplex
1162 3742 1236 3804 laria,
1254 3741 1283 3792 id
1299 3753 1340 3794 eet
1353 3747 1494 3809 purgatio,
1514 3743 1635 3810 simplici
1650 3719 1868 3810 prejuremeuto.
1880 3739 1948 3797 Ml.

414 3849 441 3916 7)
476 3854 554 3896 more
572 3852 625 3888 uec
643 3833 692 3886 &m
712 3833 748 3885 H.
765 3859 800 3872 -
817 3837 951 3885 Ooeterum
965 3853 996 3887 ra
1010 3833 1127 3902 inegerit
1140 3837 1211 3887 ratis
1225 3835 1342 3887 barbare
1358 3853 1436 3888 sensu
1457 3838 1635 3890 intransitive
1650 3837 1695 3888 die
1710 3846 1870 3904 usurpatur·

413 3939 441 4008 8)
479 3937 567 3989 elium
584 3930 619 3984 H.
848 3929 876 3996 9)
912 3925 996 3980 Curia
1013 3929 1057 3980 die
1074 3930 1218 3998 significat
1232 3929 1340 3993 urbem,
1358 3931 1493 3999 oppidum,
1510 3933 1570 3988 AS.
1587 3929 1644 3998 by,
1665 3931 1710 3984 uti
1728 3947 1833 4002 quaque
1851 3927 1947 3998 lingva

511 4029 630 4086 doricas
647 4023 703 4076 alio
724 4041 804 4076 renen
824 4022 970 4075 adhibetur
983 4039 1033 4075 ror
1048 4024 1135 4086 curiae,
1145 4041 1177 4091 p.
1193 4025 1236 4076 42.

398 4127 442 4195 ιο)
477 4129 513 4177 In
527 4123 587 4174 eod.
604 4129 696 4171 nostro
709 4136 794 4170 mann
811 4119 914 4170 recenti
929 4119 1059 4168 additur.-
1079 4117 1176 4180 vadet3
1203 4120 1285 4171 etsie
1303 4119 1450 4190 iegiturin
1467 4121 1528 4172 cot.
1544 4120 1582 4170 Η.

397 4223 441 4286 rt)
476 4223 514 4274 In
532 4217 593 4270 Gari.
606 4223 698 4266 nostro
713 4231 795 4264 mann
810 4213 913 4264 recenti
926 4213 990 4264 add.
1004 4213 1175 4279 simplicetur
1194 4213 1238 4264 ito
1252 4231 1355 4284 quaque
1373 4216 1407 4271 H.

396 4319 438 4378 ιι)
473 4311 624 4366 Secundum
637 4309 708 4359 banc
723 4307 939 4375 explicationem,
954 4323 1017 4377 qnoe
1033 4307 1063 4357 in
1076 4317 1155 4358 testu
1171 4310 1231 4360 An.
1244 4309 1424 4373 desideratur,
1441 4310 1556 4379 simplex
1568 4315 1771 4362 ornamentum
1785 4339 1814 4350 ·-
1830 4306 1947 4378 anseald

507 4409 548 4458 ad
561 4433 595 4448 ι-
608 4404 750 4473 respondet
761 4404 940 4472 purgationi,
959 4417 1021 4472 qua
1035 4401 1066 4452 in
1079 4401 1186 4472 legibus
1198 4403 1300 4454 nostrie
1312 4413 1428 4458 meatur
1438 4405 1548 4460 tritdioe
1562 4419 1643 4454 mane
1657 4403 1718 4466 etb,
1737 4413 1765 4454 et
1781 4403 1883 4473 triplex
1893 4403 1945 4470 jn·¹

506 4509 659 4554 ramentum
676 4523 710 4539 -
728 4495 864 4566 iryseald
874 4502 915 4551 ad
927 4521 964 4542 ·-
983 4505 1076 4552 nostra
1089 4499 1195 4552 riaetta
1210 4498 1361 4572 narseti·
1383 4505 1386 4510 '
1516 4495 1562 4568 ιδ)
1595 4500 1741 4566 perquiret
1759 4497 1799 4550 Η.
