4344 5220
861 741 921 818 55.
943 729 1031 827 (53.)
1079 734 1142 805 De
1157 727 1190 825 ¹)
1210 743 1342 827 aperto
1368 732 1531 805 murdro.

539 861 578 931 Si
592 857 626 956 ²)
658 873 824 955 opertum
853 868 1040 936 murdrum
1067 863 1243 958 fuerit,³)
1292 876 1334 936 ut
1365 866 1493 961 eliquit
1522 886 1590 958 per
1619 862 1707 934 illud
1718 859 1754 957 ⁴)
1784 863 1978 949 occidetur,

405 992 577 1064 reddatur
591 990 622 1086 ⁵)
654 997 862 1088 parentibus
876 997 912 1092 ⁶)
945 998 1033 1086 euis,
1049 995 1084 1092 ⁷)
1133 1005 1172 1066 et
1202 1000 1233 1067 ei
1255 998 1469 1098 purgatiot)
1495 998 1674 1086 evenerit,
1722 1005 1760 1069 ct
1782 995 1822 1066 in
1842 1015 1979 1086 purga-

405 1127 503 1197 tione
516 1125 552 1222 ⁹)
573 1129 766 1218 ceciderit,
790 1133 977 1221 epiecopue
1002 1129 1121 1200 videat
1145 1139 1183 1198 et
1196 1121 1371 1202 ‘vindicet
1386 1131 1444 1226 ¹⁰)

807 1266 868 1344 56.
899 1259 989 1356 (54.)
1047 1262 1110 1332 De
1123 1272 1136 1304 ¹
1149 1259 1183 1359 ¹)
1209 1272 1343 1354 aperta
1365 1259 1576 1332 traditione.

539 1388 613 1477 Qui
632 1393 845 1495 detractioni
859 1393 917 1488 ¹²)
939 1393 1034 1484 regie
1057 1401 1121 1462 aut
1144 1393 1282 1463 domini
1305 1397 1361 1464 eui
1382 1395 1578 1482 insidiatur,
1593 1389 1651 1487 ¹²)
1677 1399 1798 1460 carcat
1817 1387 1980 1460 omnium

307 1616 315 1630 ι
404 1519 583 1592 bonorum
604 1545 756 1594 enorum
779 1533 818 1594 et
840 1547 925 1594 reue
950 1527 998 1594 eit
1022 1527 1169 1614 mortio,
1188 1527 1258 1596 nisi
1281 1547 1321 1594 ee
1344 1527 1550 1620 purgaverit
1569 1522 1702 1616 triplici
1722 1521 1864 1614 judicio.

854 1663 912 1738 57.
938 1651 1031 1752 (55.)
1078 1656 1215 1754 De¹⁴)
1243 1655 1374 1751 plegio
1390 1655 1535 1748 fracto.

535 1783 574 1853 Si
597 1788 674 1876 quie
696 1785 855 1876 plegium
879 1789 974 1879 regis
1001 1787 1161 1880 fregerit,
1184 1790 1354 1858 emendet
1368 1792 1446 1880 regi
1462 1801 1473 1831 ¹
1487 1788 1519 1880 ⁵)
1545 1789 1702 1878 quinque
1727 1783 1848 1871 librae,
1861 1779 1919 1876 ις)
1943 1790 1980 1848 et

326 1963 334 1971 -
404 1915 467 2004 qui
497 1911 646 2004 fregerit
661 1915 718 2002 ¹⁷)
743 1915 999 2006 archicpiscopi
1029 1925 1092 1984 aut
1115 1916 1247 2008 reguli,
1264 1917 1323 2012 ¹⁸)
1372 1939 1480 2010 quern
1514 1913 1623 2008 Angli
1654 1925 1785 1988 vocant
1809 1910 1978 2000 merlinc,

403 2052 489 2114 tree-
501 2042 582 2114 libr.
589 2069 600 2136 3
627 2047 794 2136 episcopo
819 2055 882 2114 aut
895 2044 953 2142 ¹⁹)
978 2049 1102 2118 comiti
1115 2043 1174 2140 ²⁰)
1198 2049 1287 2117 duae
1313 2047 1394 2118 libr.
1417 2048 1596 2118 emendet.

703 2159 762 2257 58.
786 2172 875 2269 (56.)
939 2177 1074 2272 De21)
1095 2200 1230 2270 pugna
1254 2179 1295 2246 in
1318 2177 1410 2247 aulo
1433 2178 1534 2271 regia
1551 2175 1678 2268 facto.
1850 2273 1853 2278 Ι

539 2306 578 2376 Si
602 2308 680 2399 quia
703 2309 863 2398 pugnam
880 2305 1017 2378 vfecerit
1037 2311 1077 2378 in
1102 2308 1256 2405 euleu)
1275 2313 1383 2405 regie,
1407 2321 1527 2380 cereat
1548 2312 1632 2400 vite,
1650 2311 1721 2380 nisi
1740 2329 1807 2381 rex
1830 2308 1866 2375 ei
1888 2325 1977 2396 par·

403 2435 558 2534 oere²³)
581 2439 751 2532 voluerit,
784 2437 892 2534 et²⁴)
918 2442 980 2534 qui
1006 2449 1090 2512 ante
1114 2441 1422 2535 archiepiscopum
1448 2445 1679 2537 pugnaverit,
1699 2441 1757 2516 rel
1780 2461 1882 2510 orma
1907 2418 1975 2506 ex-

442 2739 470 2804 ι)
504 2737 541 2791 Η.
558 2754 609 2792 om.
626 2739 837 2808 inscriptionem.

440 2839 469 2902 ι)
502 2837 540 2890 Η.
556 2840 623 2890 add.
640 2843 714 2905 quie.
730 2863 765 2877 -
782 2844 833 2906 qui
850 2839 997 2902 murdrum
1014 2851 1109 2910 aperte
1130 2839 1317 2910 perpetrabit,
1343 2841 1477 2896 reddatur
1494 2839 1543 2895 irc.
1560 2838 1593 2894 B.
1606 2867 1641 2880 —
1656 2835 1806 2906 ‘Apertum
1817 2835 1914 2892 inerit
1940 2853 1972 2890 o:

532 2939 681 3008 prolatum
692 2937 803 3008 suerin
820 2941 847 2992 ei
864 2941 1037 2994 Ιιοιηίιίάίιιιιι
1048 2941 1164 3013 foetum
1182 2959 1248 3011 esee,
1266 2943 1431 2997 constiterit·
1626 2943 1654 3008 5)
1690 2937 1790 2993 fecerit
1806 2938 1843 2992 H.

439 3041 469 3108 i)
502 3041 585 3096 illum
604 3039 641 3094 Η.
836 3041 865 3104 5)
903 3041 1033 3096 Scilicet:
1049 3043 1193 3100 homicide.
1395 3045 1424 3112 6)
1459 3042 1623 3114 parentibus
1641 3057 1673 3095 o:
1693 3043 1828 3114 cognatis.

441 3145 471 3213 7)
504 3141 649 3198 interiecti
665 3141 699 3195 B.
887 3139 892 3148 '

437 3243 472 3313 8)
503 3245 691 3316 pugnacioG)
708 3244 745 3298 ii.
763 3245 942 3316 compellatio
959 3243 993 3300 iit
1010 3257 1039 3301 et
1055 3251 1087 3300 in
1104 3245 1300 3300 emendatione
1316 3247 1499 3311 mitereniat,
1523 3245 1631 3314 judicet
1648 3247 1806 3313 epiecopus.
1825 3240 1858 3294 B·

438 3347 468 3417 9)
503 3347 702 3415 purificatione
722 3347 759 3400 Η.
956 3355 998 3412 ιο)
1031 3347 1150 3419 judicet.
1167 3346 1204 3403 A.
1401 3349 1445 3416 11)
1485 3347 1522 3400 Η.
1539 3365 1590 3400 om.
1607 3345 1818 3414 inscriptionem.

421 3446 470 3512 ιι)
506 3447 542 3500 de
560 3450 713 3503 tradicione
730 3447 766 3500 Η.
784 3449 819 3502 de
837 3460 928 3503 morte
945 3449 1015 3504 ΠΒ.
1049 3453 1207 3522 negandum
1225 3451 1350 3505 videtur.-
1377 3451 1411 3503 de
1427 3439 1595 3510 traditiorcr
1617 3447 1752 3502 detractio
1770 3444 1845 3498 eliae
1863 3443 1973 3517 quidem

532 3549 728 3602 mamiliam
744 3551 905 3624 eigm'ficare
918 3562 1012 3623 potest
1031 3551 1131 3621 (sama
1148 3553 1319 3618 detrahere),
1344 3571 1436 3606 verum
1454 3553 1516 3605 liuic
1535 3553 1592 3606 ioco
1609 3551 1669 3604 tac
1686 3547 1856 3620 significatio
1874 3565 1973 3602 eonve-

533 3647 595 3700 nite
612 3667 666 3703 non
680 3653 799 3706 videtur.
996 3655 1040 3722 ιδ)
1075 3657 1205 3708 tractavit
1220 3653 1257 3706 D.
1283 3669 1399 3722 quoquo
1417 3653 1682 3708 modotraotarerit
1701 3649 1735 3702 Β.

422 3747 469 3818 ti)
502 3747 541 3803 ii.
557 3767 608 3802 orn.
625 3751 860 3822 inscriptionem·
1034 3755 1080 3826 ²5)
1118 3753 1225 3811 HM.
1244 3774 1296 3809 om.
1320 3744 1405 3824 regi'
1589 3752 1637 3824 16)
1671 3750 1752 3808 libri·
1770 3749 1807 3805 Η.

422 3855 466 3922 ¹7)
499 3851 573 3906 HJ).
590 3853 655 3906 add.
677 3851 814 3921 plegium.

422 3955 467 4022 rii)
502 3951 559 4008 filil
575 3959 651 4023 regie
668 3952 738 4012 ΠΒ.
755 3981 790 3997 ·-
805 3955 931 4012 'Wiliine
947 3956 1049 4010 com't:
1065 3959 1180 4014 nobilis.
1200 3989 1230 4002 -
1248 3957 1282 4011 B.
1302 3977 1353 4011 om.
1370 3956 1614 4028 quemn-etcum.

421 4066 464 4130 ις)
500 4036 626 4125 opiicopi
642 4068 738 4112 autem
754 4068 784 4111 et
801 4057 838 4111 Η.

418 4160 467 4222 ιο)
502 4161 613 4212 comitia
635 4157 671 4210 Η.
704 4157 892 4216 Aldermmni
908 4157 1018 4216 nni.
1035 4184 1069 4200 -
1084 4161 1163 4214 Satio
1175 4171 1274 4233 potet,
1308 4179 1415 4217 urcem
1431 4161 1485 4214 loci
1500 4177 1576 4214 me:
1611 4159 1699 4231 ciquir
1709 4153 1833 4230 sugerit
1846 4155 1987 4229 pugion.

533 4259 654 4331 epiceopi
669 4269 721 4312 aut
737 4265 860 4328 comitis,
885 4263 923 4316 iit
941 4263 1064 4316 emendet
1080 4261 1131 4319 ito.

419 4367 466 4430 at)
498 4360 572 4416 ΗΠΒ
591 4378 643 4412 om.
661 4361 871 4432 inscriptionem

418 4466 464 4532 ιι)
500 4461 607 4519 familia
623 4459 694 4516 ΗΒ.
888 4464 937 4535 23)
970 4469 1098 4520 mitereri
1114 4463 1148 4518 B.

420 4569 467 4632 24)
501 4563 609 4622 ΜΒ.
625 4583 677 4620 om.
695 4575 724 4620 et
741 4565 870 4637 qul-..itm
889 4586 973 4639 usque
986 4567 1025 4620 od
1035 4567 1126 4635 finem
1143 4568 1253 4638 capitit.
