4368 5222
474 513 496 580 2

423 719 534 780 retur.
611 707 816 776 convocato
850 706 971 798 itaque
1007 651 1178 774 comitum
1203 723 1467 796 procerumque
1495 723 1564 776 nec
1595 725 1669 776 non
1703 699 1742 777 8(
1770 716 1888 778 cetere
1919 731 1992 780 no-

423 887 569 957 bititctis
609 886 855 977 sapientisque
891 883 1001 953 totius
1031 876 1160 972 Anglie
1199 881 1367 973 concilio,
1417 883 1602 976 sategebat
1642 888 1824 956 communi
1863 889 1994 958 decre-

423 1077 482 1149 to,
533 1074 595 1148 ut,
646 1066 684 1134 in
713 1072 885 1156 quantum
909 1060 1069 1129 humana
1093 1061 1185 1129 ratio
1209 1059 1338 1150 valuit,
1388 1083 1452 1144 ee,
1507 1086 1577 1156 que
1596 1064 1692 1156 jueta
1715 1052 1876 1148 luerent,
1913 1005 1993 1133 ste-

420 1243 564 1324 biliret,
614 1265 683 1334 que
727 1251 847 1310 autem
888 1242 925 1308 in
956 1247 1060 1329 perte
1104 1239 1378 1323 oberraverant,
1429 1243 1642 1336 corrigeret,
1695 1265 1739 1310 ea
1769 1265 1872 1331 vero,
1923 1265 1992 1334 que

422 1424 617 1498 omnimo
641 1419 865 1491 rectitudinis
888 1419 1032 1486 tramite
1057 1419 1307 1507 deuiauerant,
1355 1419 1571 1511 exstirparet
1589 1421 1805 1513 penitusque
1828 1422 1992 1492 eradice-

419 1613 485 1672 ret.
560 1599 656 1694 Quia
687 1621 773 1671 vero
796 1621 902 1666 omne
926 1599 982 1688 jus
1007 1599 1053 1668 ad
1078 1619 1161 1666 eunt
1187 1596 1419 1670 referendum
1444 1609 1516 1689 eet,
1568 1621 1691 1708 equo·
1706 1601 1821 1670 omnia
1841 1600 1990 1692 justitia,

420 1783 551 1872 quippe
592 1782 654 1867 qui
694 1779 799 1845 docet
838 1773 1021 1840 hominem
1058 1774 1264 1854 scientiam,
1315 1775 1507 1866 divineque
1546 1775 1712 1847 humenis
1744 1779 1990 1872 praeponenda

419 1965 521 2044 eunt,
571 1953 809 2023 ecclesiastice
834 1971 921 2022 vero
944 1951 1186 2019 institutiones
1206 1951 1486 2046 sinodorumque
1510 1963 1707 2024 conuentus
1732 1956 1829 2045 apud
1852 1953 1987 2047 Anglos

417 2134 577 2204 inusitati
602 2130 720 2202 adhuc
743 2128 903 2220 fuerant,
954 2132 1100 2222 nequis
1125 2132 1214 2200 ordo
1241 2133 1280 2200 in
1302 2154 1414 2224 regno
1438 2153 1505 2201 suo
1529 2132 1719 2216 titubaret,
1758 2135 1916 2224 primurn
1941 2134 1986 2206 de

418 2314 674 2402 ecclesiastico,
724 2309 853 2378 deinde
878 2307 923 2375 de
946 2275 1096 2379 seculari
1119 2311 1215 2402 jure,
1269 2321 1424 2381 tractare
1448 2314 1602 2403 incepit,
1650 2315 1701 2382 sic
1727 2313 1868 2392 dicens:

771 2581 1029 2698 (incipiunt
1058 2576 1248 2668 decreta
1280 2581 1425 2672 Cnuti
1449 2583 1625 2718 Regis.)

416 2848 506 2917 Hsec
523 2845 555 2943 ¹)
580 2817 643 2915 'est
668 2841 862 2916 consolatio
870 2841 929 2940 ,²)
980 2865 1085 2938 quam
1112 2843 1249 2913 cnutus
1273 2843 1382 2914 totius
1407 2840 1566 2938 Angliae,
1616 2843 1804 2915 Danorum
1834 2857 1873 2919 et
1903 2846 1985 2919 Νοί

450 3241 476 3306 1)
509 3241 616 3312 Incipit
640 3243 701 3298 ved.
734 3245 770 3295 H.
800 3244 864 3296 ite:
902 3241 1007 3308 Incipit
1030 3237 1096 3302 lex,
1136 3253 1192 3306 que
1215 3237 1337 3306 Anglice
1354 3237 1496 3308 Dauelagc
1522 3250 1564 3294 eet
1583 3251 1695 3305 vocata,
1728 3241 1816 3294 latine
1833 3255 1904 3295 uero
1921 3238 1982 3294 Lex

541 3343 685 3398 Dacorum
703 3356 745 3398 eat
762 3349 964 3413 interpretatu
999 3339 1034 3393 ab
1052 3343 1240 3392 inuictiaeimo
1259 3353 1287 3393 et
1301 3342 1425 3408 glorioso
1443 3355 1511 3409 rege
1528 3338 1703 3408 Auglorutn,
1730 3341 1889 3407 Dacorum,
1907 3341 1984 3396 Nor·

541 3461 739 3514 maganerum,
775 3444 953 3513 Sueuorcm,
980 3442 1107 3510 Chnuto,
1137 3445 1265 3496 instituta
1292 3455 1323 3498 et
1347 3441 1499 3510 diligenter
1515 3442 1663 3496 custodita.
1680 3469 1717 3486 -
1734 3447 1892 3518 Sequuntur
1908 3460 1981 3496 nunc

540 3542 643 3612 verber
661 3542 725 3593 Hac
741 3541 779 3597 est
794 3550 938 3599 institutio
945 3545 994 3600 &m
1005 3571 1036 3585 -
1052 3551 1089 3598 In
1098 3546 1293 3598 citatae-S.
1305 3545 1349 3596 ita
1364 3553 1444 3596 tonet
1461 3545 1531 3616 legia
1542 3545 1689 3596 introitus:
1705 3543 1840 3597 Hecaunt
1851 3546 1982 3596 instituta

542 3639 653 3705 cnuti,
688 3644 959 3712 terruannorum,
992 3649 1154 3710 Dacorum,
1186 3646 1405 3714 Norwegtrutu‚
1437 3645 1598 3700 venerando
1626 3647 1783 3714 sapientum
1808 3648 1872 3712 ejus
1889 3647 1984 3708 acutia

541 3744 595 3806 lio,
630 3743 664 3798 erl
683 3744 794 3796 laudern
813 3757 841 3796 et
857 3747 975 3811 gloriam
995 3745 1180 3800 detorsuam
1199 3749 1373 3814 regalitatem
1391 3759 1420 3800 ct
1434 3763 1584 3801 commune
1603 3749 1782 3800 commodum
1802 3727 1900 3800 habito
1919 3743 1987 3810 (ha·’

426 3867 430 3873 ·
541 3845 599 3897 hita
618 3843 667 3912 B.)
690 3847 722 3896 lu
749 3857 845 3902 sancto
868 3847 955 3897 natali
982 3843 1089 3898 tlotninl
1113 3845 1187 3916 apud
1214 3847 1407 3909 wintoniam,
1440 3849 1592 3916 diligenter
1614 3865 1647 3908 ac
1671 3846 1795 3911 fideliter
1813 3849 1980 3906 tralaticium

537 3949 686 4010 translata,
721 3946 918 4016 compendiosa
935 3944 1072 3998 brevitate
1089 3965 1155 4000 curn
1170 3949 1349 4016 simplicitate
1365 3949 1475 4013 lucida,
1509 3919 1670 4003 vstut‘suts
1687 3953 1813 4003 astericis
1829 3949 1977 4002 illustrata·

471 4051 478 4066 ⁸
537 4047 618 4101 Unde
637 4061 768 4118 quantam
788 4047 972 4117 (qraruntlam
991 4045 1032 4114 S.)
1049 4065 1143 4101 rerum
1162 4059 1190 4101 et
1206 4049 1358 4103 verborum
1376 4049 1552 4113 affinitatem,
1586 4052 1917 4118 paucorumatljectione
1934 4047 1980 4104 vel

539 4155 705 4216 omissione,
730 4155 896 4218 curaverim,
913 4147 996 4202 facile
1014 4149 1126 4203 sobrina
1143 4151 1231 4204 lector
1249 4164 1390 4219 agnoscet.
1431 4149 1598 4220 Sequuntur
1614 4163 1642 4204 at
1661 4153 1782 4206 aliorum
1797 4151 1861 4218 jura
1878 4138 1981 4216 raguta

535 4253 743 4320 plurimorum,
777 4253 813 4306 de
852 4251 957 4321 quibua
992 4256 1085 4304 teneri
1118 4252 1201 4309 liceat
1232 4253 1368 4322 quicquid
1403 4256 1458 4307 iata
1488 4253 1725 4324 contemplatione
1747 4269 1806 4307 nou
1829 4249 1979 4316 discrepat·

421 4399 427 4416 ,
535 4351 600 4422 Cep.
623 4362 685 4405 ιΙΙωΙΙ
706 4353 755 4408 διο.
1367 4351 1370 4356 ’

437 4540 465 4602 2)
501 4539 577 4592 Num
599 4539 743 4610 legendum
761 4539 939 4592 consiliatio?
