4368 5222
450 426 481 512 4.

528 629 619 701 Hcc'
641 641 697 700 est
721 631 920 720 institutio,
953 653 1079 724 ¹qnam
1100 629 1238 699 Cnutus
1264 651 1331 701 rex
1360 632 1504 704 decreto
1519 627 1550 726 1)
1581 634 1785 725 principum
1819 655 1973 731 suorum⁸

398 763 685 858 sapientiumlad
708 761 853 836 laudem
875 765 945 832 Dei
970 772 1007 830 et
1029 760 1203 830 honorem
1229 764 1394 856 ecclesie,
1409 761 1443 860 2)
1471 775 1508 833 et
1534 765 1742 865 dignitatem
1766 767 1822 834 sui
1844 766 1970 856 ipsius,

339 901 340 904 ’
401 865 438 962 et
468 893 514 959 ad
544 892 736 962 utilitatem
751 892 783 988 3)
809 897 917 968 totius
940 894 1042 983 regni
1066 895 1141 981 sui,
1190 898 1248 964 cui
1270 907 1430 987 preerat,
1483 899 1645 970 instituit.
1685 895 1823 994 ¹Hoc⁴)
1849 871 1976 966 autern¹

398 1022 614 1095 factumest
643 1026 683 1094 in
713 1024 824 1094 natali
856 1025 1004 1097 Domini
1037 1027 1133 1116 apud
1157 1025 1399 1098 Wintoniam.
1680 1007 1682 1014 Ι
1930 1005 1933 1012 ’

1017 1186 1119 1254 (Leges
1137 1189 1351 1256 ecclesiastice.)

849 1302 882 1368 1.
932 1288 1104 1360 Primum
1127 1293 1172 1362 de
1194 1295 1279 1363 Deo
1305 1291 1343 1364 8<
1361 1292 1523 1363 ecclesia.

532 1422 701 1492 Primum
719 1415 750 1513 ς)
776 1421 937 1513 quidem,
987 1433 1029 1492 ut
1053 1447 1162 1516 supra
1186 1429 1306 1497 omnia
1336 1424 1496 1519 unum⁶)
1520 1425 1638 1494 Deum
1665 1423 1899 1516 diligerent⁷)
1936 1421 1977 1492 dc

401 1556 640 1644 honorarent,
671 1549 709 1625 8<
732 1576 843 1624 unam
869 1549 1172 1652 Christianitatem
1185 1555 1219 1652 ⁸)
1241 1571 1424 1650 tenerent,
1462 1557 1500 1630 8<
1524 1558 1710 1629 ecclesiam
1723 1553 1757 1649 ⁹)
1779 1557 1850 1625 Dei
1872 1565 1976 1624 tuta-

402 1701 531 1762 rentur
538 1687 621 1784 ,¹0)
658 1688 888 1779 pacificarent
913 1679 951 1755 ἃ
974 1682 1265 1780 frequentarent,
1314 1711 1508 1781 regemque
1532 1713 1637 1762 suum
1658 1700 1757 1758 recta
1780 1688 1976 1758 fide-ama-

400 1831 494 1892 rent.
1572 1901 1575 1908 Ι

763 1960 797 2028 2.
825 1947 936 2046 (23.)
995 1952 1058 2020 De
1078 1972 1176 2042 pace
1203 1949 1352 2020 ecclesie
1377 1950 1617 2044 tenendo.¹¹)

537 2079 664 2150 Omnis
694 2081 815 2172 itaque
839 2081 988 2152 ecclesia
1018 2085 1225 2178 secundum·
1246 2107 1411 2153 normam
1443 2087 1578 2176 justitie
1613 2082 1722 2152 dehet
1753 2055 1831 2149 ease
1867 2079 1907 2146 in
1921 2077 1977 2164 ²²)

405 2235 494 2309 pace
523 2207 773 2284 &securitate
796 2211 956 2308 Dei,¹³)
1007 2225 1044 2283 et
1077 2219 1176 2284 omni
1210 2215 1412 2286 Christiano
1442 2218 1610 2286 convenit
1644 2193 1839 2282 maximam
1871 2231 1981 2282 reve·-

406 2348 561 2419 rentiam
594 2341 765 2412 exhibere
795 2344 950 2415 ecclesiis
975 2345 1071 2444 Dei..
1129 2347 1218 2415 Pax‘
1238 2349 1335 2416 euim
1365 2358 1402 2417 et
1433 2347 1605 2418 securitas
1628 2346 1700 2417 Dei
1725 2367 1865 2414 summa
1895 2339 1981 2410 dili-

407 2483 529 2574 gentia
553 2474 867 2572 promovenda¹⁴)
894 2489 965 2569 est,
1005 2481 1088 2548 dein
1110 2501 1183 2570 pax
1207 2489 1244 2548 et
1268 2483 1441 2549 securitas
1464 2483 1577 2571 regis,
1615 2501 1736 2572 quare¹
1750 2477 1981 2569 equissimum

410 2623 486 2700 est,
538 2619 581 2677 ut
612 2631 686 2698 pax
720 2606 950 2678 ecclesiarum
974 2609 1046 2678 Dei
1069 2609 1165 2678 inira
1186 2614 1358 2699 parietes,
1384 2661 1386 2668 -
1410 2609 1448 2679 &
1472 2634 1545 2698 pax
1575 2613 1659 2680 dats
1682 2605 1863 2701 manu¹⁵)
1887 2607 1981 2698 regis

410 2763 555 2832 semper
578 2750 649 2810 stet
670 2739 857 2828 inviolata,
909 2752 946 2810 et
962 2736 1017 2830 ¹⁶)
1044 2739 1284 2831 quietiquam
1309 2739 1539 2808 ecclesiarum
1554 2737 1610 2833 ¹⁷)
1637 2739 1770 2806 scilicet
1802 2747 1865 2804 aut
1887 2737 1983 2824 regis

411 2896 539 2966 pacem
569 2871 739 2963 fregerit,
791 2884 913 2942 careat
946 2871 1111 2942 omnibus
1133 2870 1238 2938 bonis
1264 2873 1336 2939 suis
1363 2869 1399 2938 et
1424 2871 1512 2958 vita,
1561 2873 1631 2938 nisi
1654 2893 1721 2938 rex
1750 2862 1872 2957 illi¹⁸)
1895 2887 1985 2956 part

414 3029 497 3074 cere
522 3003 684 3077 voluerit.
736 3002 846 3091 Quod
867 3001 967 3099 siff)
991 3001 1115 3094 aliquis
1140 3025 1266 3091 pacem
1292 3001 1517 3070 ecclesiarum
1546 3001 1618 3070 Dei
1642 3004 1694 3072 ita
1719 3001 1919 3086 violaverit,
1943 3007 1985 3065 ut

412 3133 580 3232 inirem)
606 3139 760 3228 parietes
784 3135 1016 3208 homicidium
1042 3133 1170 3223 faciat,
1223 3133 1293 3202 hcc
1317 3136 1363 3202 sit
1395 3134 1677 3224 inemendabile,
1727 3139 1987 3225 persequetur-

459 3557 485 3614 1)
522 3553 641 3605 consilio
658 3554 696 3605 H.
861 3557 890 3620 ι)
925 3555 961 3609 Η.
977 3575 1027 3609 om.
1045 3557 1162 3611 ecclesie
1181 3569 1209 3610 et
1226 3559 1400 3627 dignitatem.
1568 3555 1598 3624 3)
1634 3551 1793 3622 proiectum
1812 3549 1848 3602 Η.

454 3657 485 3722 4)
521 3659 591 3726 Qasr
608 3663 759 3725 sequuntur
779 3657 835 3715 des.
853 3660 881 3710 r'n
899 3661 935 3708 H.
1105 3661 1135 3722 5)
1167 3658 1299 3727 Inprimis
1318 3661 1395 3728 quod
1411 3675 1496 3728 super
1517 3656 1566 3711 &c-
1586 3656 1622 3708 H.

453 3757 482 3823 6)
518 3757 606 3810 vellet
622 3771 732 3824 semper
748 3772 837 3808 unum
856 3757 940 3809 deum
957 3759 1067 3822 colere,
1091 3775 1197 3826 amare,
1219 3760 1359 3814 honorare
1374 3761 1447 3813 ΒΗ.
1614 3759 1641 3826 7)
1678 3757 1829 3834 diligamns
1850 3750 1897 3806 &a
1914 3750 1947 3803 Β.

457 3859 484 3919 8)
520 3857 606 3912 fidem
624 3855 729 3909 Christi
746 3861 916 3909 unanimiter
933 3873 1045 3909 seruare
1060 3857 1097 3910 Η.
1264 3863 1291 3930 9)
1327 3861 1458 3913 ecclesias
1476 3861 1513 3914 H.

441 3961 485 4023 ro)
518 3962 550 4012 in
568 3975 635 4027 pace
661 3970 689 4011 et
713 3963 745 4010 iu
769 3962 918 4011 securitate
945 3958 1087 4010 custodire
1115 3961 1281 4027 easdemque
1300 3967 1394 4030 sepius
1412 3961 1592 4030 frequentare
1609 3977 1661 4028 pro
1679 3962 1775 4025 quiete
1794 3968 1821 4009 et
1839 3954 1989 4009 stabilitam

555 4064 636 4127 regni
654 4064 700 4113 sui
716 4033 934 4128 proqus's'atuts
953 4063 1080 4126 corporis
1102 4072 1130 4112 et
1147 4066 1239 4113 anime
1259 4077 1309 4113 suc
1327 4061 1399 4114 Dii.
1568 4063 1610 4124 ιι)
1644 4059 1716 4112 Ι).Η.
1734 4079 1785 4110 om.
1806 4056 1933 4112 tenenda.

441 4163 485 4230 ιι)
519 4161 591 4214 ΠΗ.
609 4163 673 4213 add.
691 4167 815 4230 propria·
984 4161 1027 4227 ιδ)
1064 4159 1169 4214 Christi
1187 4161 1223 4216 A.
1393 4164 1436 4228 14)
1472 4162 1657 4230 promerenda
1676 4174 1705 4214 et
1724 4162 1844 4214 tenenda
1861 4159 1896 4212 Η.

440 4265 484 4328 ι5)
517 4261 590 4314 1).Η.
608 4264 673 4315 add.
690 4261 851 4316 Christiani.
875 4289 909 4304 -
927 4279 1000 4331 pax,
1019 4279 1103 4330 quam
1121 4281 1174 4316 rex
1186 4281 1271 4318 manu
1289 4281 1340 4320 sus
1358 4263 1466 4318 dederit
1484 4261 1547 4318 B.S.

439 4366 483 4430 16)
518 4363 552 4416 Β.
569 4382 622 4419 ons.
638 4377 666 4418 et
668 4397 712 4417 .....
714 4366 846 4418 voluerit.
1015 4365 1061 4434 ¹7)
1097 4367 1244 4420 eeclesiam
1262 4367 1299 4420 Η.
1469 4367 1517 4435 18)
1552 4367 1755 4424 coudouauerit
1772 4363 1808 4417 H.

440 4466 485 4533 ι9)
520 4465 557 4521 H.
575 4469 640 4522 add·
660 4467 783 4521 deinde*
940 4461 990 4534 ιο)
1025 4465 1061 4522 Δ.
1078 4469 1143 4522 cdd.
1170 4469 1301 4523 ecclesie.
