4368 5222
455 509 505 588 36

824 707 885 779 Ne
907 699 1106 777 Christiani
1137 711 1255 772 morte
1287 702 1550 796 dampnentur.

382 887 388 898 ·
472 899 477 910 .
534 855 568 922 2.
618 841 866 910 Interdicimus
892 807 1041 920 etiam(
1062 855 1110 902 ne
1133 857 1200 924 pro
1218 833 1251 932 ¹)
1274 857 1385 928 perra
1408 859 1452 906 re
1474 832 1667 905 Christiani
1691 837 1799 905 morti
1825 838 1975 930 treden-

400 989 482 1058 tur,
506 976 704 1046 secundum
719 969 753 1066 ²)
778 997 845 1064 pro
867 969 1073 1058 latrocinio,
1099 979 1163 1038 eut
1183 990 1250 1059 pro
1273 967 1406 1039 talibus
1430 969 1555 1059 rebus,
1579 966 1733 1038 sedulio
1758 971 1866 1040 modo
1889 993 1973 1040 cor-

398 1110 580 1202 rigantur,
596 1103 629 1202 ³)
657 1129 705 1177 ne
730 1104 845 1196 culpae
868 1101 993 1173 multae
1005 1096 1039 1195 ⁴)
1063 1111 1285 1170 remaneant.

925 1235 984 1305 Ne
1008 1231 1207 1304 Christiani
1230 1233 1451 1302 vendantur.

532 1385 569 1454 3.
619 1371 669 1440 Et
694 1368 950 1461 prohibemus,
975 1389 1022 1435 ne
1044 1363 1238 1438 Christiani
1262 1365 1428 1458 gentibus
1444 1361 1476 1457 ς)
1502 1363 1721 1432 extrahens
1747 1373 1881 1435 terram
1906 1379 1974 1438 rei

398 1507 625 1595 nundentur,
662 1527 739 1574 nec
765 1506 811 1572 in.
829 1503 1060 1596 paganismo,
1107 1520 1155 1568 ne
1179 1500 1298 1568 anime
1323 1497 1542 1584 Christiana,
1579 1519 1687 1588 quem
1708 1499 1786 1587 ipse
1811 1497 1975 1567 Christus

378 1642 569 1734 sangvine
591 1660 658 1708 suo
683 1637 857 1724 redemit,
884 1644 1020 1724 pereat.

618 1837 622 1846 ,
670 1774 706 1846 4.
757 1767 819 1836 De
844 1760 1136 1831 incantatoribus
1161 1773 1198 1828 et
1222 1759 1472 1828 meretricibus
1487 1758 1702 1850 puniendis.

528 1891 818 1987 Incantetores⁶)
843 1905 880 1961 et
903 1894 1156 1970 incantatrices
1182 1901 1219 1960 et
1242 1890 1410 1974 malefici,
1461 1903 1524 1960 aut
1535 1889 1570 1985 ⁷)
1597 1902 1732 1981 apertae
1755 1895 1976 1984 meretrices,¹

398 2037 461 2097 ant
486 2027 531 2096 de
555 2050 667 2120 regno
692 2033 817 2096 nostro
843 2022 1088 2116 expellantur,
1119 2031 1182 2092 eut
1206 2025 1245 2093 in
1269 2033 1367 2094 terre
1388 2020 1482 2091 mele
1505 2033 1674 2114 pereant,
1697 2021 1806 2118 autt)
1829 2022 1909 2094 Deo
1935 2035 1974 2094 et

395 2159 603 2240 hominibus
627 2157 771 2252 publice
796 2155 1027 2228 satisfacient.

858 2816 895 2890 5.
945 2812 1009 2882 De
1032 2805 1281 2901 prohibitione
1312 2809 1509 2882 idolatriae.

528 2944 778 3016 Interdicimus
820 2943 929 3056 etiam
968 2963 1112 3011 omnem
1144 2945 1436 3034 superstitionem
1448 2941 1494 3042 ⁹).
1517 2965 1756 3036 paganorum,
1804 2939 1970 3016 videlicet

432 3153 446 3188 i
490 3132 528 3186 Ι).
547 3133 612 3184 add.
649 3131 752 3183 enltus.

430 3139 461 3303 ni
495 3147 652 3308 negaturi.
668 3233 746 3285 taut
761 3230 856 3294 dubie,
874 3229 953 3283 utin
971 3229 1027 3284 cod.
1047 3230 1102 3293 IL,
1119 3229 1236 3284 scilicet.
1254 3254 1288 3269 -
1307 3229 1369 3281 eod·
1385 3231 1422 3282 D.
1442 3230 1467 3283 n
1487 3233 1521 3282 B.
1539 3234 1583 3284 ito
1600 3229 1717 3283 babent.-
1734 3229 1784 3282 sed
1801 3233 1970 3298 exquiretur

528 3353 582 3406 pro
606 3337 772 3388 necessitate
796 3333 897 3403 populi
921 3335 1030 3400 justitie
1053 3329 1217 3400 pacificans,
1252 3347 1289 3383 ue
1313 3347 1367 3399 pro
1391 3333 1499 3386 lenire
1518 3327 1876 3402 disperesttdesperetB.>
1895 3347 1968 3399 opus

486 3459 489 3468 ¹
527 3453 663 3490 mannum
681 3437 727 3489 slei
745 3447 774 3490 et
791 3451 874 3490 snum
892 3437 982 3503 lpslus
1000 3437 1141 3503 pretium,
1158 3432 1235 3502 quod
1252 3429 1394 3502 profunde
1415 3431 1542 3488 redemit.

431 3539 461 3605 5)
495 3535 533 3590 li.
549 3539 614 3588 odd.
631 3553 683 3604 per
700 3537 781 3588 elios.
975 3533 1011 3608 4)
1044 3538 1219 3606 Legrndnm,
1236 3544 1269 3587 ut
1286 3537 1316 3587 t'n
1334 3537 1397 3588 Caci·
1416 3537 1466 3601 H„
1485 3537 1592 3590 lnultte.

431 3639 459 3702 5)
495 3635 651 3707 gentilibus
664 3636 702 3688 H.
720 3639 822 3705 passim
838 3641 869 3690 ln
883 3639 1003 3692 exilium
1022 3637 1181 3690 vendentur
1197 3649 1226 3689 et
1243 3641 1274 3690 in
1292 3639 1479 3706 gentilitatem
1498 3655 1534 3691 ne
1552 3636 1602 3692 irc.
1617 3633 1689 3690 ΠΒ.

431 3737 460 3806 6)
494 3733 603 3791 nait.
623 3737 668 3814 ito
685 3736 804 3789 babent.-
838 3735 874 3788 Et
891 3743 959 3791 totis
977 3737 1087 3790 risibus
1105 3737 1241 3791 mundare
1258 3743 1379 3806 petrium
1396 3739 1557 3793 studeamus
1580 3745 1612 3794 ln
1629 3735 1761 3792 omnibns
1778 3737 1886 3794 linibns
1904 3743 1966 3810 ejus

526 3850 556 3894 et
573 3837 608 3892 eb
625 3837 778 3890 immundis
796 3835 930 3906 operibus
950 3843 1171 3906 circumquaque
1189 3855 1338 3904 cessemus,
1357 3845 1428 3893 etsi
1446 3857 1512 3908 sege
1529 3841 1576 3894 vel
1595 3839 1966 3909 incentatoresfincentstri-

525 3957 573 3996 ees
589 3939 652 4010 Β),
670 3938 814 4004 venetiae,
833 3939 942 3993 murdrl
959 3944 1119 4010 conpererit
1135 3941 1182 3994 rel
1196 3945 1360 3996 meretrices
1378 3939 1486 3995 incubi
1501 3953 1688 4013 compereunt.
1705 3942 1741 3996 de
1758 3955 1846 4010 regno
1867 3941 1917 3994 &a
1937 3971 1966 3983 -

428 4051 458 4119 7)
492 4055 521 4099 et
538 4041 575 4096 Η.

428 4150 459 4215 8)
493 4149 551 4201 nisi
568 4146 739 4198 sonaverint
756 4155 785 4198 et
800 4141 972 4214 profundius
990 4145 1139 4200 emendent
1155 4139 1264 4198 ΜΔ.
1280 4143 1306 4198 bt
1323 4146 1388 4198 add.
1406 4147 1601 4216 precipimus,
1633 4157 1668 4201 nt
1685 4143 1853 4216 riberseken
1878 4155 1908 4200 et
1921 4155 1966 4198 ut-

523 4249 587 4316 lsge
605 4245 652 4299 dei
669 4258 698 4299 et
717 4247 863 4300 homlnum
884 4251 1003 4316 petrium
1021 4218 1140 4312 etiamst
1175 4250 1200 4299 si
1217 4261 1275 4299 nou
1293 4249 1465 4315 resipuerint
1493 4257 1523 4300 et
1538 4246 1624 4314 digne
1643 4251 1807 4317 pertinente
1842 4247 1920 4302 iures
1937 4257 1967 4299 et

522 4348 663 4417 ejusmodi
679 4347 797 4416 dampni
814 4351 916 4418 populi
931 4343 1246 4419 propediem'pereent,
1273 4351 1298 4402 ei
1315 4363 1374 4401 non
1391 4352 1601 4416 conquiescent.
1680 4382 1683 4391 ·

425 4456 455 4530 9)
488 4453 526 4508 ll.
544 4451 610 4504 odd.
627 4449 790 4516 ydolorum.
805 4479 840 4494 -
856 4453 1061 4522 gentilitatem
1082 4451 1226 4520 gentilitas
1242 4458 1300 4521 est,
1328 4452 1352 4506 si
1368 4453 1433 4518 quis
1452 4447 1528 4508 itote
1545 4451 1616 4507 coiit
1631 4453 1653 4510 i.
1672 4467 1699 4507 e.
1717 4453 1872 4526 gentilium
1890 4453 1967 4524 deos,

521 4553 610 4609 solens
627 4549 678 4610 &o
694 4550 729 4607 B.
