4344 5220
785 702 845 782 68.
871 695 957 795 (64.)
1007 700 1071 772 De
1086 697 1117 793 ¹)
1143 719 1184 767 rc
1198 696 1233 795 ²)
1259 695 1398 793 injuste
1423 700 1561 773 habita.

513 829 553 900 Si
583 831 660 923 quia
695 827 776 919 (dei
793 831 1005 924 fugitivum
995 835 1023 926 )
1039 828 1071 925 ³)
1102 833 1235 924 injuste
1265 831 1457 933 habuerit,
1500 835 1628 906 reddet
1659 857 1742 906 eum
1775 837 1821 906 ad
1853 837 1963 926 justi-¹

376 958 524 1057 '·titm⁴)
560 971 597 1030 et
620 963 801 1053 persolvat
824 965 1053 1055 despectum,
1070 961 1101 1058 ς)
1153 966 1212 1032 cui
1237 973 1294 1032 eet
1315 965 1469 1056 justum,
1521 977 1558 1036 et
1581 969 1658 1059 regi
1682 968 1850 1038 emendet
1873 989 1961 1058 pre-

390 1090 543 1189 tium,⁶)
572 1117 608 1162 o:
632 1093 676 1162 Ire
700 1117 795 1164 vere.

522 1221 661 1307 (65-66.)
704 1219 740 1284 Si
759 1216 875 1310 aliquia
899 1218 1039 1286 voluerit
1061 1219 1100 1284 ab
1121 1220 1281 1304 injusticia
1302 1215 1432 1286 reverti
1453 1218 1494 1286 nd
1520 1238 1662 1305 rectum,
1707 1224 1910 1312 permittatur
1933 1221 1964 1284 ei

389 1348 452 1418 pro
475 1325 591 1390 timore
615 1321 739 1390 domiui
748 1331 779 1403 7)
802 1325 884 1389 aient
903 1321 1018 1398 melius
1036 1324 1170 1414 poterit.
1215 1325 1258 1390 Et
1281 1321 1445 1405 iaciamus,
1476 1326 1557 1390 aicut
1579 1324 1673 1390 nobie
1698 1324 1828 1415 expedit
1835 1349 1847 1405 3
1890 1342 1966 1388 auo·

390 1451 554 1496 curramus
577 1450 704 1516 semper
725 1427 755 1490 ei
778 1427 946 1518 primitus,
969 1428 1026 1516 qui
1046 1429 1146 1512 magis
1165 1423 1303 1510 indiget,
1332 1443 1407 1492 tune
1429 1445 1583 1494 metemus
1604 1426 1679 1493 inde
1700 1425 1885 1492 mercedem
1902 1447 1967 1492 no-

391 1549 505 1614 ctram,
541 1532 598 1596 ubi
617 1530 711 1596 nobis¹
734 1530 839 1597 carius
857 1531 940 1611 erit3
970 1529 1045 1620 quia
1065 1553 1192 1622 semper
1217 1527 1312 1594 debet
1334 1529 1504 1620 impotenti
1527 1555 1589 1622 pro
1613 1529 1771 1612 dominis)
1796 1532 1913 1596 timore
1934 1542 1966 1592 et

392 1627 500 1701 amore
514 1629 869 1718 clementinijudicari,
888 1654 985 1723 quam
1007 1631 1094 1698 sorti.
1139 1633 1222 1699 Sene
1238 1655 1407 1724 poettmua
1429 1635 1523 1716 scire,
1545 1655 1613 1701 non
1633 1649 1738 1726 potest
1755 1629 1870 1698 debilis
1893 1653 1968 1706 cnm

393 1755 523 1805 strenuo
545 1738 723 1828 pariter,9)
746 1734 833 1802 unde
855 1735 998 1801 mediare
1019 1735 1171 1802 debemus
1194 1755 1226 1801 ct
1248 1738 1396 1803 distincte
1418 1737 1600 1804 discernere
1621 1738 1746 1818 senium
1766 1753 1798 1800 et
1816 1738 1967 1820 juventu-

391 1859 474 1924 tem,
519 1837 699 1905 libertatem
719 1841 748 1902 δι
771 1838 974 1916 servitutem,
1018 1835 1145 1903 felicem
1163 1843 1192 1901 dt
1212 1837 1393 1916 infelicem,
1416 1843 1583 1906 sanitatem
1603 1855 1635 1904 et
1657 1839 1894 1919 infirmitatem,
1935 1853 1968 1902 et

391 1944 564 2030 utrobique
588 1941 682 2004 debet
701 1939 767 2003 hoc
789 1937 961 2022 diligenter
985 1937 1108 2004 adverti
1129 1957 1195 2004 tum
1217 1941 1253 2003 iu
1275 1939 1392 2006 divinis
1416 1939 1559 2024 legibue,
1595 1965 1692 2030 quem
1716 1943 1751 2004 in
1773 1939 1967 2005 sectdmibua
2067 1923 2080 1990 i

391 2044 528 2130 judiciis.
575 2041 657 2107 Item
679 2043 714 2104 in
734 2038 861 2122 multia,
894 2041 1034 2132 ‚mando
1054 2039 1169 2132 aliquis
1194 2059 1319 2109 coactus
1337 2061 1465 2134 peccat,
1507 2046 1608 2128 magia
1628 2040 1752 2110 veniale
1776 2061 1838 2126 eat,
1882 2043 1964 2124 sim)

391 2147 573 2214 necessitate
595 2143 687 2224 lacit,
712 2141 802 2233 quod
824 2141 917 2223 iecit,
941 2161 973 2207 et
992 2145 1020 2208 ai
1043 2145 1213 2235 quisquam
1232 2164 1302 2231 aget
1321 2141 1444 2236 aliquid
1463 2144 1714 2239 inpossibiliter,
1736 2167 1806 2212 nou
1825 2162 1873 2211 est
1892 2169 1968 2222 omq

392 2255 471 2320 nino
489 2246 612 2332 simile,
638 2249 666 2312 ei
689 2247 867 2318 voluntarie
889 2245 991 2312 faciat.

691 2475 749 2560 69.
775 2467 864 2566 (67.)
915 2469 1050 2567 De¹¹)
1082 2409 1316 2540 allevietione
1332 2464 1388 2561 ¹²)
1420 2467 1517 2560 regie
1542 2469 1664 2542 Cureti.

526 2605 618 2674 Haec
641 2615 696 2674 est
720 2603 917 2685 alleviatio,
942 2626 1049 2694 quam
1071 2626 1138 2693 ego
1159 2601 1242 2671 volo
1268 2603 1365 2671 omui
1388 2601 1522 2692 populo
1547 2600 1720 2692 fieri,¹³)
1754 2606 1851 2676 unde
1875 2604 1967 2676 huc-⁴

394 2750 499 2808 tenna
523 2735 619 2806 ultra
643 2738 791 2806 modum
811 2734 948 2804 fuerint
970 2735 1121 2826 gravati3
1157 2733 1227 2802 hoc
1252 2731 1339 2830 [est]
1355 2734 1413 2832 ¹⁴)
1443 2737 1481 2803 in
1504 2737 1628 2825 primia
1652 2738 1824 2827 praecipio
1847 2739 1968 2806 omni-

395 2873 463 2944 bus
496 2871 699 2960 prepositis
732 2868 839 2953 meio,
889 2876 932 2934 ut
961 2868 1000 2936 iu
1028 2867 1183 2955 propriis
1202 2867 1259 2958 ¹⁵)
1288 2865 1381 2936 villis
1402 2869 1490 2936 meio
1512 2867 1603 2938 bene
1625 2879 1663 2937 et
1684 2867 1838 2959 pleniter
1863 2879 1967 2941 arent

298 2975 301 2982 ‚
397 3014 434 3075 et
459 3002 652 3088 seminent,
698 3007 736 3066 et
759 2995 916 3066 culturas
942 2999 1076 3087 optime
1103 2994 1223 3066 colant
1246 2993 1284 3066 δι
1309 2999 1393 3066 inde
1418 3023 1477 3068 me
1501 3011 1539 3068 et
1559 3023 1658 3070 meoa
1681 3012 1849 3092 pescant,
1886 3013 1922 3072 et
1945 3024 1968 3070 a

392 3133 496 3208 nullo
522 3133 655 3226 aliquid
679 3133 810 3223 injuste
837 3138 1091 3221 extorqueant,
1137 3130 1233 3198 unde
1256 3153 1315 3198 me
1339 3153 1486 3220 parcere
1510 3133 1683 3219 debeant,
1700 3133 1756 3224 ¹⁶)
1795 3135 1864 3204 niti
1889 3135 1967 3225 quia

397 3279 525 3362 sponte
550 3279 588 3337 et
612 3265 811 3338 voluntarie
836 3264 889 3332 eia
912 3259 1056 3354 aliquod
1080 3261 1252 3332 auxilium
1273 3262 1438 3353 praebere
1459 3261 1622 3334 voluerit
1693 3263 1802 3352 Quod
1833 3268 1865 3334 ei
1896 3263 1966 3335 eli·
1994 3250 2003 3262 ’

409 3486 635 3506 una-fl—

436 3621 463 3675 ι)
497 3613 571 3665 ΗΒ.
588 3629 639 3662 om.
658 3611 870 3680 inscriptionem.
1076 3612 1107 3677 n)
1128 3609 1244 3661 'Nonne
1261 3609 1419 3680 legendum:
1439 3609 1474 3664 dc
1492 3629 1537 3663 reo
1554 3611 1660 3676 injutte
1677 3609 1795 3679 habite?

431 3715 462 3774 δ)
497 3713 552 3766 nat
569 3711 723 3778 fugitivum
740 3711 923 3779 supplevimus
938 3728 975 3762 em
994 3713 1056 3765 cod.
1073 3715 1111 3764 D.
1128 3721 1213 3783 atque
1230 3729 1264 3762 ex
1281 3721 1360 3764 textu
1377 3715 1436 3768 As.
1458 3737 1492 3753 ·-
1509 3709 1542 3765 Β.
1561 3711 1660 3765 hehet:
1678 3686 1786 3765 domini
1803 3709 1967 3780 turturum,

531 3831 594 3886 quur
610 3813 690 3865 lectio
709 3812 815 3883 quidem
832 3814 922 3882 magis
934 3812 1040 3882 placet.
1209 3816 1239 3881 4>
1259 3826 1368 3870 rectum
1386 3811 1457 3866 Itu.
1625 3814 1653 3882 5)
1671 3813 1709 3868 D.
1725 3831 1777 3867 om.
1796 3814 1968 3883 deapcctnnt·

435 3916 464 3974 6)
500 3914 538 3967 Η.
556 3917 620 3973 add.
638 3929 738 3968 unum·
756 3938 793 3954 -·
811 3912 965 3966 tacendum
982 3915 1149 3984 weregildum
1166 3913 1235 3974 ult.
1422 3921 1450 3986 7)
1493 3916 1540 3970 det
1557 3914 1590 3970 B.
1704 3919 1710 3932 '
1782 3915 1811 3974 8)
1853 3915 1900 3968 det
1917 3911 1949 3966 Β.

435 4023 464 4089 9)
500 4015 532 4069 Β.
554 4018 619 4070 add.
638 4015 753 4069 bellare.
921 4020 964 4074 ιο)
1005 4029 1089 4082 quem
1108 4019 1169 4069 atne
1186 4023 1353 4073 necestitate
1370 4016 1439 4070 lectt
1453 4019 1530 4086 quod
1547 4016 1616 4072 tecit
1632 4015 1681 4074 &c
1701 4015 1737 4070 B·

419 4125 463 4180 rt)
495 4116 571 4170 ΗΒ.
586 4133 635 4170 οτι.
655 4117 866 4187 inscriptionem.
1058 4123 1101 4178 ιι)
1143 4118 1286 4172 alleviatio
1304 4135 1334 4171 o:
1353 4121 1475 4175 levamen
1492 4139 1602 4174 cuorum
1619 4137 1639 4172 a
1655 4137 1719 4190 roge
1735 4133 1897 4171 caumatum.
1925 4165 1931 4180 ,

420 4221 464 4282 15)
499 4217 668 4288 previdere,
696 4224 727 4271 tn
744 4219 848 4287 quibus
865 4221 949 4272 nimtt
967 4221 1082 4272 omnino
1098 4217 1212 4274 lucrant
1229 4227 1373 4290 aggravati
1390 4221 1424 4278 Β.
1461 4233 1495 4276 ιιι
1514 4223 1674 4276 nullatenu·
1690 4219 1767 4274 ultra
1783 4217 1899 4272 modum
1913 4217 1970 4270 utut

530 4324 638 4388 gravati
653 4319 689 4371 Η.
848 4317 1263 4390 14>B·om.hoc...tmpri1nln.
1301 4321 1337 4378 Η.
1356 4341 1407 4380 em.
1424 4335 1475 4377 cet.

420 4424 464 4487 25)
481 4419 483 4424 ’
499 4425 615 4494 proprio
633 4437 698 4474 mec
713 4421 861 4474 lucrentur
877 4431 906 4474 et
924 4421 991 4474 tnde
1009 4421 1082 4476 miht
1099 4428 1244 4492 auertunt,
1277 4435 1307 4476 et
1331 4439 1416 4477 nemo
1435 4437 1553 4494 cogatur
1569 4423 1605 4478 td
1622 4423 1708 4479 lit-mn
1726 4425 1900 4493 adjutoriam
1916 4417 1971 4476 att·

530 4521 601 4592 quid
618 4521 699 4588 dare,
717 4525 774 4576 nisi
791 4509 892 4592 aponte'
913 4540 965 4578 vua
983 4523 1052 4576 veltt
1071 4521 1105 4576 Β.
1268 4524 1312 4585 ιθ)
1340 4529 1449 4595 possint
1465 4527 1503 4580 tt.
