4368 5222
436 491 487 564 34

384 685 551 764 inimicus,
586 681 642 770 qui
663 679 737 744 totis
759 688 886 769 semper
905 673 1114 754 visceribus1)
1135 671 1254 756 inhiet,
1274 671 1349 740 totis
1373 688 1472 738 estuat
1491 669 1677 754 desideriis,
1701 673 1865 763 quomodo
1883 673 1962 766 plu-

383 813 435 854 res
458 789 577 851 animus
594 781 758 873 pertrahat
778 784 812 846 in
832 781 1035 872 supplicium.
1101 776 1150 844 Sit
1173 779 1280 866 itaque
1296 793 1406 866 pastor
1430 773 1606 858 sollertiu2)
1629 779 1820 868 pervigilet
1844 796 1961 846 attente

383 888 602 984 proclamans,
636 888 692 978 qui
716 904 828 952 contra
844 877 1021 975 spirituales
1036 881 1201 972 ¹nequitias
1222 879 1316 944 debet
1334 877 1461 971 populo
1481 881 1664 971 providere.
1707 881 1774 970 Qui
1792 904 1867 966 sane
1887 900 1968 981 suut¹

383 995 526 1084 episcopi
534 997 570 1076 5)
590 989 769 1056 secerdotes
794 989 875 1080 [qui]
901 1009 1031 1070 gregem
1044 985 1177 1050 Domini
1199 984 1345 1051 doctrina
1369 983 1486 1050 debent
1504 987 1638 1076 sapienti
1664 985 1825 1052 custodire
1849 1001 1880 1051 ct
1901 985 1968 1051 de-‘'

383 1096 530 1178 ferdere,
571 1119 613 1160 ue
644 1092 802 1161 diabolice
829 1093 956 1158 vesania
985 1089 1132 1154 vulneret
1163 1085 1380 1169 idoneitas,
1429 1105 1459 1152 et
1480 1093 1540 1178 qui
1551 1088 1618 1154 Dei
1642 1091 1804 1181 preceptis
1830 1089 1967 1156 obe'dir'e¹

383 1201 576 1285 neglexerit„
607 1199 713 1282 hort)
736 1219 810 1266 cum
830 1197 904 1290 ipso
930 1193 1103 1277 chr-istos)
1127 1216 1297 1262 commune
1315 1197 1416 1278 noni)
1439 1193 1566 1260 hebeat.

2169 1403 2170 1458 i

633 1531 695 1602 De
730 1525 896 1622 capitulo
910 1521 978 1624 (d)
1006 1523 1044 1598 8<
1067 1527 1121 1596 ad
1142 1523 1365 1596 secularium
1388 1522 1511 1616 legum
1537 1521 1718 1592 transitio.
1988 1473 2000 1512 Ι

2169 1679 2170 1732 i

516 1663 607 1734 Haec
632 1675 688 1735 est
712 1666 819 1733 etiam
845 1643 1024 1732 institutio
1050 1659 1297 1760 saeculerir‚⁷)
1323 1681 1429 1750 quum
1455 1679 1522 1748 ego
1545 1677 1612 1746 per
1636 1653 1822 1726 consilium
1837 1654 1871 1753 ⁸)
1894 1679 1964 1748 op-

385 1803 551 1868 timatum
565 1795 599 1891 ⁹)
625 1819 787 1865 meorum
810 1815 956 1861 seruere
980 1793 1089 1858 stetui
1113 1812 1179 1880 per
1199 1799 1317 1856 totum
1333 1785 1389 1881 ¹⁰)
1414 1809 1566 1878 regnum
1592 1811 1731 1892 meum...

1019 1949 1126 2018 (Leges
1160 1949 1334 2013 seculares.)

1061 2033 1287 2147 Capitulunt.

520 2209 554 2276 1.
580 2189 722 2292 (18t2.)
771 2185 1009 2284 inprimis11)
1033 2187 1138 2282 justae
1163 2185 1261 2280 leges
1286 2188 1486 2278 erigantur,
1503 2207 1507 2215 ’
1524 2197 1561 2256 et
1587 2187 1729 2282 injustae
1754 2186 1965 2279 depriman-

388 2329 518 2426 tur¹²)
545 2341 582 2399 et
606 2325 834 2424 abjiciantur,
857 2331 966 2393 rectae
988 2322 1085 2416 leges
1111 2321 1213 2392 diviti
1239 2332 1275 2392 et
1296 2321 1447 2412 pauperi
1468 2329 1668 2411 teneantur.

523 2716 733 2812 Quodsi¹³)
756 2718 851 2808 justa
866 2715 922 2812 ¹⁴)
947 2721 995 2787 sit
1019 2737 1192 2796 onerosa,
1218 2717 1420 2786 consideret
1445 2715 1505 2786 ille
1528 2739 1754 2818 mensuram,
1780 2718 1826 2785 ud
1860 2739 1964 2809 quem

391 2865 478 2921 tunc
501 2849 696 2940 pertinebit
719 2850 870 2939 justitia,
893 2850 986 2915 sicut
1007 2843 1084 2918 vult
1100 2848 1168 2914 sibi
1184 2848 1364 2936 provideri
1382 2873 1403 2916 a
1423 2847 1520 2937 Deo,
1544 2851 1603 2918 cui
1621 2848 1779 2938 quotidie
1796 2849 1967 2922 dicimus:

379 2995 449 3053 ·''et
472 2985 612 3052 dimitte
635 2981 738 3051 nobis
765 2979 884 3052 debita
907 2988 1051 3078 nostre,
1075 2973 1168 3046 sicut
1192 2988 1229 3046 et
1251 2996 1317 3046 nos
1342 2980 1553 3048 dimittimus
1575 2977 1796 3048 debitoribus
1808 2980 1969 3082 nostris.”

429 3217 456 3283 r)
491 3211 600 3266 viribus
619 3211 652 3265 Β.
847 3209 876 3278 ι)
912 3208 1012 3263 soliers
1029 3201 1063 3260 Β.
1079 3217 1223 3275 pastorum
1242 3205 1367 3258 soltertia
1386 3201 1416 3258 S.
1614 3205 1644 3274 5)
1676 3205 1710 3259 Β.
1728 3215 1801 3288 recte
1819 3208 1882 3261 add.
1903 3221 1940 3263 et.

426 3319 456 3384 t)
492 3317 649 3387 legendum
666 3311 733 3379 hie,
752 3322 784 3365 ut
804 3313 833 3365 in
849 3309 883 3363 B.
1079 3309 1109 3377 5)
1142 3307 1204 3361 Deo
1223 3305 1256 3362 B.
1932 3307 1938 3312 '

428 3419 458 3484 6)
492 3417 526 3472 Β.
543 3421 605 3470 add.
626 3433 699 3481 nou,
720 3417 792 3489 quod
806 3431 902 3468 seusus
915 3429 1028 3484 poscere
1045 3411 1169 3474 videtur,
1188 3409 1253 3463 iicet
1270 3409 1315 3463 irie
1336 3410 1365 3462 in
1380 3417 1459 3462 textu
1475 3409 1533 3466 As.
1551 3407 1626 3462 clius
1641 3409 1689 3462 rit.

430 3521 458 3586 7)
491 3521 587 3585 legum
605 3519 774 3572 secularium
792 3517 862 3571 nii.
1049 3517 1078 3582 d)
1114 3513 1150 3567 Η.
1170 3517 1235 3567 add.
1252 3523 1281 3566 et
1297 3527 1474 3568 consensum.
1638 3511 1670 3582 9)
1705 3515 1863 3582 sapientum
1881 3511 1950 3568 Ῑ).Β.

414 3624 456 3680 ιο)
491 3631 579 3672 tutent
596 3601 729 3686 Augiisnt
746 3619 816 3672 ΠΒ.
1014 3620 1058 3684 ιι)
1093 3617 1127 3672 Β.
1143 3617 1208 3670 cdd.
1225 3618 1292 3672 tolo
1309 3625 1351 3668 ut.

416 3723 458 3787 ιι)
494 3719 691 3773 rubrertsutur
708 3717 778 3772 Dii.
796 3751 826 3762 -
844 3719 878 3771 Β.
895 3722 960 3772 edd.
978 3731 1007 3772 et
1024 3723 1118 3773 omnis
1134 3723 1292 3788 injustitia,
1313 3727 1417 3786 quinte
1434 3729 1584 3786 possumus
1603 3715 1791 3786 observantie,
1810 3717 1845 3772 de
1862 3716 1968 3774 finitus

526 3827 631 3876 nostrie
649 3823 806 3878 sarculetur
824 3833 853 3873 et
871 3822 1060 3889 explantetur,
1078 3833 1108 3874 et
1116 3800 1178 3875 Dei¹
1189 3822 1299 3886 juetitio
1315 3819 1406 3872 modis
1425 3819 1557 3874 omuibus
1574 3821 1726 3885 exaltetur,
1745 3831 1774 3872 et
1791 3821 1891 3873 amodo
1909 3837 1968 3872 onr-

527 3931 571 3980 uis
591 3926 677 3978 homo
695 3925 797 3992 dignus
817 3921 931 3991 publica
949 3923 1117 3977 rectitudine
1135 3933 1284 3994 reputetur
1303 3937 1410 3992 pauper
1428 3933 1456 3976 et
1473 3923 1567 3989 diret,
1602 3927 1766 3992 quicunque
1789 3925 1841 3985 eit,
1877 3933 1905 3975 et
1927 3926 1968 3976 eie

528 4032 601 4096 justa
625 4028 731 4096 judicis
748 4025 918 4094 judicentur.
1227 4017 1230 4024 '

417 4133 462 4199 13)
495 4132 600 4200 recipit
623 4132 668 4186 iis
691 4133 768 4202 apud
784 4133 832 4184 W.
850 4132 916 4198 cap.
930 4126 1076 4180 udums-
1094 4125 1126 4182 Si
1144 4129 1208 4196 quie
1222 4132 1382 4196 peccaverit
1398 4138 1428 4181 et
1443 4145 1475 4182 se
1492 4133 1584 4198 iprum
1599 4125 1741 4197 proiirutie
1758 4124 1909 4182 utirisoiet
1923 4127 1971 4193 ,iet

528 4233 670 4303 profunde
687 4238 817 4303 peniteat
833 4231 867 4284 B.
880 4227 1039 4284 iorisieciet
1055 4227 1115 4296 S.)‚
1132 4241 1304 4300 temperetur
1321 4236 1353 4284 iu
1372 4247 1407 4283 eo
1423 4233 1552 4299 justicie,
1569 4231 1645 4284 sieut
1662 4234 1718 4295 (elo
1732 4227 1781 4297 B.)
1797 4243 1864 4297 erge
1884 4229 1969 4282 deum

530 4341 568 4390 sit
585 4321 760 4416 'clementius
783 4347 812 4388 et
830 4333 978 4388 insecuto
997 4331 1190 4398 teterrimus,
1218 4345 1255 4388 et
1270 4335 1360 4387 multe
1375 4333 1528 4387 eedciime
1544 4336 1665 4406 cogitet,
1701 4335 1753 4399 qui
1769 4329 1856 4384 hebet
1873 4329 1921 4400 jue
1937 4333 1969 4383 iu
2169 4373 2170 4444 p

529 4439 653 4506 judicto,
671 4443 739 4508 quie
755 4433 906 4506 (quid'B.)
923 4435 979 4490 eibi
998 4439 1123 4504 postulet
1139 4455 1156 4490 ι
1172 4436 1297 4492 nemim
1317 4435 1433 4489 diceret
1452 4435 1564 4496 dimitte
1579 4434 1629 4488 tre.
1648 4433 1722 4488 nit.

421 4545 464 4611 ri)
500 4545 613 4610 justicia
630 4541 668 4595 it.
703 4545 780 4594 certe
799 4550 849 4593 aut
868 4541 1027 4611 legendum.-
1044 4539 1161 4608 justitie,
1182 4549 1233 4593 out
1252 4541 1324 4612 quod
1340 4539 1482 4612 requitur:
1499 4543 1536 4594 sit
1553 4540 1583 4594 in
1602 4541 1658 4592 sint
1677 4538 1846 4592 mandunt·
