4344 5220
464 485 538 560 104

730 673 734 680 ⁵
852 694 911 769 84
969 687 1041 762 De
1057 675 1145 758 nom
1169 675 1306 783 injuste
1331 679 1543 786 accepto.‘=)

545 818 583 887 Si
609 823 685 912 quis
702 805 853 913 'aliquid
878 844 945 911 pro
972 819 1091 913 aliqua
1118 809 1347 892 forisfactura
1376 825 1527 914 accipiat
1548 831 1737 915 antequam
1758 822 1851 915 juste
1873 823 1985 896 rectiss

411 952 572 1020 tudinem
597 965 717 1043 petat,
748 955 877 1024 reddat
898 956 994 1046 quod
1013 956 1168 1046 accepit,
1200 965 1238 1022 et
1258 958 1416 1025 secundo
1440 955 1623 1045 persolvat
1644 953 1724 1052 οῖ’)
1749 957 1983 1050 quadraginta

412 1066 697 1157 solidos³reddat
712 1087 745 1181 ³)
772 1083 823 1172 (ei
847 1085 1060 1182 quilebet)
1092 1109 1221 1155 sacam
1244 1097 1281 1158 et
1305 1107 1457 1159 socnam
1483 1111 1605 1179 suam,
1656 1099 1693 1158 et
1723 1090 1871 1181 insuper
1900 1113 1986 1181 pre-

413 1221 503 1289 tium
515 1220 550 1316 ⁴)
574 1243 679 1290 suum
706 1221 851 1291 dommo
877 1245 953 1293 suo.
970 1217 1001 1316 ⁵)

597 1325 605 1332 .
885 1362 945 1436 85.
1005 1355 1068 1426 De
1093 1353 1239 1424 nomine
1265 1353 1464 1426 latronum.
1477 1357 1513 1452 ε)

544 1486 720 1559 Latrones
737 1487 772 1584 ⁷)
789 1487 1011 1578 appellamus
1035 1511 1149 1581 usque
1171 1499 1310 1580 septem
1332 1489 1507 1578 homines,
1530 1512 1552 1556 a
1572 1487 1710 1578 septena
1727 1507 1841 1576 usque
1858 1489 1989 1577 trigin-

412 1630 449 1688 ts
474 1619 629 1712 quinque
644 1621 678 1716 8)
705 1631 834 1692 vocant
854 1617 962 1714 Angli
984 1619 1075 1702 mot,
1102 1643 1123 1688 a
1149 1591 1297 1713 triginta
1323 1595 1481 1714 quinque
1506 1595 1634 1690 dehinc
1663 1619 1839 1688 exercitus
1852 1617 1887 1713 ⁹)
1911 1623 1987 1688 erit.

897 1745 956 1834 86.
1009 1753 1072 1824 De
1090 1755 1144 1840 ¹0)
1169 1751 1249 1820 hlot
1278 1765 1316 1822 et
1338 1753 1509 1822 exercitu.
1906 1731 1909 1738 ¹

543 1886 617 1973 Qui
642 1884 975 1979 calumpniatus¹¹)
1001 1886 1047 1952 de
1065 1883 1165 1965 blot,
1204 1890 1234 1953 si
1257 1889 1459 1976 negaverit,
1504 1888 1557 1952 ita
1581 1907 1620 1952 se
1644 1894 1792 1975 purget:
1838 1881 1992 1972 acceptis

413 2015 581 2082 undecim
602 2017 828 2100 hominibus,
862 2019 998 2103 etipse
1022 2015 1344 2105 sitduodecimus3
1384 2025 1457 2114 ¹aut
1480 2015 1689 2104 despectum
1717 2012 1992 2104 calumpniantis

410 2143 609 2235 persolvat,
645 2156 681 2214 et
706 2147 794 2214 duas
820 2143 929 2214 libras
950 2145 1006 2232 ¹²)
1034 2145 1067 2210 ei
1094 2143 1177 2224 det,
1203 2141 1760 2234 q11i¹³)habetconsuetudines
1784 2167 1876 2213 suas.

864 2309 867 2315 ·
905 2282 964 2355 87.
1005 2270 1155 2366 ,De.¹⁴)
1191 2273 1353 2345 exercitu
1377 2275 1498 2346 docto.

531 2411 595 2480 'Et
619 2414 650 2479 si
677 2413 755 2502 quis
776 2409 1041 2499 calumpniatur
1069 2407 1170 2497 quasi
1186 2403 1243 2498 ¹⁵)
1271 2408 1381 2474 ducat
1410 2412 1609 2478 exercitum
1624 2404 1682 2498 ¹⁶)
1713 2401 1892 2499 super¹⁷)
1923 2409 1994 2478 ali·
2034 2425 2039 2436 '

417 2563 534 2634 quem,
555 2555 592 2613 et
610 2543 807 2638 negaverin‘
828 2553 959 2635 purget
982 2563 1020 2611 se
1043 2539 1242 2608 secundum
1266 2519 1422 2627 pretinm
1446 2537 1733 2631 calumpniantis,
1756 2547 1816 2608 aut
1835 2531 1944 2616 ιιιιιιιΙ
1957 2537 1991 2631 ⁸)

417 2673 607 2764 persolvat

1016 2821 1076 2891 88.
1138 2813 1201 2882 De
1225 2807 1370 2882 aloa-¹⁹
1496 2885 1500 2897 ,

458 2935 461 2943 ’
549 2941 697 3034 Siquis
733 2952 853 3010 autem
880 2901 946 3032 per
979 2940 1059 3010 ntor
1083 2943 1255 3011 occiderit
1278 2808 1483 3030 homilaem3
1534 2937 1712 3033 qusm20)
1737 2939 1843 3034 Angli
1869 2941 1993 3011 dicunt

1706 3045 1712 3052 ι

417 3069 680 3167 reihandam)
717 3086 754 3144 et
780 3075 840 3144 olii
865 3074 1070 3166 ceorlman,
1111 3077 1172 3168 qui
1193 3072 1294 3143 illum
1320 3097 1358 3142 se
1384 3075 1555 3143 occidisse
1586 3069 1872 3166 cognoverit22)
1905 3095 1993 3163 per-

416 3195 630 3216 -ι-ῃ

455 3243 480 3298 ι)
515 3235 588 3291 Reli.
608 3236 633 3290 ἃ
649 3235 686 3294 Η.
702 3255 753 3290 om·
770 3239 973 3308 inscriptionem
991 3239 1016 3290 δε
1034 3238 1118 3291 sicin
1132 3257 1223 3310 asqu.
1240 3242 1300 3302 Hoc
1317 3247 1345 3290 st
1363 3253 1426 3308 qnoe
1444 3245 1596 3306 sequuntur
1613 3235 1708 3303 capita
1725 3235 1755 3286 in
1772 3235 1994 3287 evandenda-

551 3349 661 3394 rantor.
754 3343 785 3408 ι)
804 3345 866 3408 regi
884 3340 920 3392 H.
1011 3342 1042 3408 ὅ)
1060 3351 1108 3394 aut
1126 3342 1172 3392 illl
1189 3345 1240 3407 qui
1257 3337 1343 3392 habet
1360 3355 1469 3390 saccom
1484 3335 1533 3389 &n
1551 3336 1587 3390 Η.
1605 3361 1639 3376 -
1655 3331 1728 3387 Rom
1747 3337 1812 3386 add.
1832 3338 1882 3403 qui
1899 3333 1993 3388 habet.

454 3443 485 3507 4)
518 3446 647 3508 precium
670 3441 779 3495 domini
796 3448 842 3495 sui
858 3441 910 3496 Η..
1027 3442 1060 3513 5)
1095 3435 1820 3512 efneop.19(18·)lag.soecuL&L.lnoe.c.9.

454 3542 485 3608 6)
519 3546 651 3612 Congruit
667 3545 716 3596 lroc
731 3555 815 3614 caput
830 3545 936 3597 omnino
949 3563 1008 3597 cum
1022 3548 1057 3596 L.
1072 3550 1143 3597 Inoe.
1162 3563 1185 3595 c·
1202 3561 1242 3598 12.
1523 3547 1527 3556 '

454 3645 482 3712 7)
519 3644 638 3696 latrones
658 3660 689 3696 o:
706 3647 821 3715 Drosoi,
841 3649 963 3698 intexta
977 3649 1035 3700 As.
1052 3647 1121 3717 legia
1137 3650 1208 3699 Ino.
1352 3645 1387 3716 8)
1419 3644 1455 3698 Η.
1474 3646 1539 3697 add.
1558 3643 1646 3712 quod.

452 3745 481 3814 9)
517 3733 714 3797 exercltus'o:
734 3748 806 3810 ltere,
823 3751 853 3800 in
872 3760 950 3802 textu
968 3751 1026 3802 As.
1041 3751 1110 3819 legis
1123 3753 1195 3800 Inoe.
1330 3745 1378 3816 ιο)
1428 3747 1486 3817 Ost.
1500 3752 1534 3804 L.
1547 3751 1619 3801 Inoe·
1634 3765 1658 3800 c.
1676 3747 1716 3798 14.

438 3845 484 3912 ιι)
519 3845 555 3900 Η.
573 3849 637 3901 add.
656 3859 706 3900 est.
841 3849 888 3918 ιι)
922 3849 996 3902 nost.
1014 3849 1039 3902 ia
1055 3851 1091 3904 Η.
1109 3852 1174 3902 add.
1191 3865 1243 3918 pro
1261 3848 1450 3902 forisfactura.

440 3947 483 4013 ιδ)
517 3953 564 4012 Is,
587 3953 635 4020 qui
647 3949 733 4002 habet
750 3951 968 4004 consuetudines
987 3968 1066 4016 suas,
1085 3955 1156 4005 idem
1169 3953 1246 4004 haud
1263 3951 1343 4004 dubie
1358 3952 1520 4022 significat,
1540 3953 1613 4022 qnod
1629 3953 1659 4004 in
1678 3951 1769 4021 copies
1788 3951 1822 4004 84
1839 3927 1993 4020 expressum

551 4051 655 4121 legitur
667 4053 771 4107 verbis.-
813 4053 956 4123 quilebet
971 4071 1065 4106 socam
1080 4066 1108 4106 et
1122 4073 1232 4108 socnam
1248 4074 1336 4118 suom,
1354 4053 1384 4106 id
1397 4065 1448 4120 ast,
1466 4065 1498 4106 ut
1509 4057 1633 4126 equidem
1645 4063 1728 4123 puto,
1747 4055 1795 4126 qui
1807 4052 1890 4105 habet
1902 4053 1994 4118 jorio·

551 4153 696 4206 dictionem
706 4156 936 4223 patrimonialem,
953 4155 1007 4226 cfr.
1016 4175 1046 4226 p.
1054 4157 1098 4209 62.
1233 4158 1276 4216 nl)
1313 4156 1372 4226 Cfr.
1388 4156 1408 4208 1.
1419 4161 1490 4209 Inoe.
1506 4157 1581 4208 c·15·
1716 4157 1762 4222 15)
1796 4154 1874 4224 quod
1889 4153 1925 4206 Η.

441 4257 485 4326 16)
520 4255 556 4308 Η.
574 4256 639 4308 odd.
657 4271 750 4308 suum.
883 4261 926 4327 ιγ)
962 4275 1048 4327 super
1065 4275 1098 4310 a:
1115 4269 1221 4313 contro.
1355 4257 1399 4318 ιθ)
1437 4257 1474 4311 Η.
1491 4276 1542 4311 om.
1561 4265 1635 4334 eum.

442 4364 484 4432 ις)
524 4359 593 4412 Vide
610 4356 881 4427 L.AE1fre‹ltc.26.
1066 4367 1112 4422 ao)
1149 4359 1221 4418 Reli.
1242 4363 1307 4414 aad.
1323 4360 1446 4428 quidam.

440 4466 485 4522 ιι)
519 4459 675 4525 Τιὶιιάο(ῑ’)
693 4457 728 4513 Η.
768 4459 917 4527 Trylsyncle
931 4481 996 4516 man
1009 4482 1032 4518 r.
1048 4465 1184 4518 ceorlmon
1202 4481 1236 4517 o:
1254 4465 1398 4534 ingenuus,
1417 4464 1465 4536 qui
1478 4481 1531 4517 non
1546 4464 1576 4530 in
1588 4461 1719 4516 nobilium
1733 4477 1844 4516 nurnero
1858 4467 1908 4514 ose.

394 4619 398 4630 ¹
440 4561 487 4632 ιι)
523 4565 737 4632 cognoscensa
755 4560 896 4633 consessus
905 4562 1008 4632 suerii.
