4368 5222
399 463 448 517 Π

350 644 514 740 quendam
534 639 643 732 legunt
662 661 812 741 tempore
829 649 949 726 Canuti
969 645 1193 742 antiquiorum
1211 644 1459 729 existimaverit,
1476 642 1637 730 observat,
1660 641 1783 742 ”quod
1803 661 1923 735 qusn-

350 765 399 830 vis
421 760 613 830 sb'Allrcdi
633 761 757 850 legibus
778 787 896 849 magna
915 787 1027 832 esrum
1044 785 1122 856 psrs
1144 763 1290 836 derivate
1310 765 1375 845 sit,
1400 786 1438 830 ea
1460 765 1645 855 precipue,
1665 786 1748 856 ,quse
1767 759 1810 827 de
1829 777 1925 850 pant

351 880 418 961 agit
439 873 671 944 vulnerationis
689 895 724 946 et
744 876 956 948 mutilationis
978 877 1220 962 membrorum,
1262 878 1364 954 mults
1388 895 1496 946 tamen
1518 894 1740 958 secesserunt,
1781 891 1926 966 quornm

350 989 442 1060 nttlls
468 987 601 1075 vestigia
629 993 665 1058 in
693 990 832 1062 Allredo
860 991 1174 1085 deprehenduntnr,
1216 1017 1355 1086 quaeqtte
1383 1018 1454 1062 non
1481 993 1545 1063 nisi
1572 1015 1591 1056 a
1616 990 1809 1076 legislatoris
1829 1009 1928 1054 mauu

351 1103 520 1200 proficisci
541 1122 734 1196 potuerunt.
790 1107 827 1177 Sl
847 1129 925 1176 tero
946 1105 1102 1193 legente
1125 1126 1221 1190 sunt,
1261 1130 1331 1178 non
1351 1124 1504 1199 excerpta
1523 1105 1653 1191 legum,
1695 1108 1750 1175 six
1770 1101 1812 1170 sd
1826 1097 1928 1168 alium

351 1243 453 1313 quum
485 1221 648 1296 Cunutam
679 1218 798 1290 relerri
827 1226 1032 1314 pessumum)
1100 1223 1226 1290 Verum
1254 1221 1358 1290 c'eleb.
1385 1223 1558 1290 Ancherus
1587 1243 1656 1290 nou
1692 1215 1930 1296 animadvertit,

352 1352 476 1427 prseter
499 1333 585 1420 teges
605 1333 753 1417 Aliredi,
774 1337 872 1404 etism
890 1335 977 1424 leges
997 1335 1083 1420 Iure,
1102 1355 1206 1428 atque¹
1223 1335 1419 1418 Athelsssni,
1439 1335 1566 1402 Iudicia
1589 1335 1727 1402 civitatis
1747 1329 1929 1414 Lundouie

353 1467 388 1518 ct
405 1449 530 1518 librum
548 1450 836 1533 constitutionum,
856 1469 895 1519 ut
914 1469 1052 1534 vocant,
1076 1468 1226 1544 tempore
1246 1447 1432 1521 AEthelrcdi
1452 1449 1656 1530 conlectum,
1681 1449 1779 1518 luisse
1796 1443 1931 1512 illorum

354 1567 499 1658 capitum
520 1564 643 1646 ionoes,
674 1565 765 1656 quod
784 1589 844 1635 suo
865 1561 941 1636 loco
962 1567 1234 1658 monptrshiruus,
1264 1567 1311 1634 its
1331 1584 1368 1634 ut
1388 1589 1494 1657 pauca
1515 1562 1617 1632 modo
1639 1565 1817 1655 supersint,
1858 1577 1932 1648 quse

354 1681 524 1748 aCsnuto
543 1701 623 1763 rege
644 1679 795 1754 derivare
816 1701 946 1751 necesse
967 1684 1043 1759 sit.¹
1077 1683 1220 1767 Neque,
1264 1680 1291 1744 si
1315 1678 1412 1767 pluro
1440 1699 1527 1746 note
1550 1681 1591 1744 iis
1611 1677 1839 1745 additamentis
1856 1693 1934 1741 vere

354 1795 483 1874 insunt,
511 1789 614 1858 ullam
634 1791 857 1859 necessitatem
880 1791 1027 1860 uidemus
1049 1791 1230 1872 statuendi,
1260 1791 1332 1858 haec
1349 1793 1389 1856 ”a
1406 1814 1505 1858 mann
1527 1790 1738 1876 legislatoris*
1761 1813 1830 1858 esse
1849 1811 1934 1879 pro·

254 1991 260 2004 Ι
356 1907 454 1990 lecte·
518 1893 747 1974 verosimilior
768 1906 960 1972 ssnenohis
980 1903 1110 1984 ridetur
1130 1905 1289 1972 sententia
1311 1883 1591 1985 celeumatis,
1634 1899 1861 1972 collectionem
1882 1898 1934 1966 ls-

358 2042 459 2107 gum,
494 2038 567 2109 quc
590 2016 705 2086 codice
724 2036 839 2086 nostro
859 2018 1068 2102 continetur,
1099 2020 1441 2109 prisstasuctoritate
1463 2019 1583 2098 iactam
1612 2042 1698 2100 erse3
1722 2039 1815 2108 ¹qusu
1834 2015 1862 2080 si
1886 2029 1935 2080 est

359 2155 438 2204 vers
458 2130 635 2214 sententis,
662 2131 758 2200 facile
779 2131 990 2219 intelligitur,
1031 2149 1200 2202 auctorent
1230 2131 1392 2204 nonnulla
1424 2157 1464 2202 ex
1496 2136 1570 2219 jure
1600 2135 1755 2226 entique,
1792 2152 1866 2222 quc
1898 2127 1935 2194 in

360 2249 481 2320 Canuti
501 2243 628 2333 legibus
645 2269 715 2316 non
737 2248 916 2328 invenerit,
962 2249 1052 2314 hisce
1080 2246 1262 2332 addidisse,
1305 2267 1362 2318 aut
1382 2249 1459 2343 quis
1481 2251 1550 2335 ejus
1570 2245 1678 2316 sdhuc
1703 2264 1851 2338 tempore
1874 2264 1934 2310 usu

360 2363 541 2452 viguerint,
583 2379 640 2430 sut
666 2362 780 2434 iorssu
804 2363 881 2454 quis
908 2364 973 2456 ipsi
1001 2361 1179 2432 sdmodum
1199 2363 1394 2457 placuerint.
1460 2363 1497 2434 Si
1517 2387 1623 2455 porro
1654 2364 1759 2456 ipsam
1788 2354 1936 2428 indolem

358 2495 600 2573 preceptorum
621 2499 659 2544 ac
681 2475 820 2548 modum
840 2477 972 2547 dicendi
979 2527 991 2562 ,
1024 2479 1083 2572 qui
1103 2478 1140 2546 in
1161 2478 1227 2550 hoc
1241 2477 1472 2572 supplemento
1495 2479 1638 2560 obtinet,
1672 2475 1853 2546 sccurrtius
1881 2474 1937 2540 in·

361 2593 534 2684 spicimus,
556 2591 651 2681 plura
673 2609 869 2670 occurrunt,
890 2615 981 2682 qun,
1001 2596 1037 2657 ni
1056 2590 1222 2675 fallimur,
1249 2597 1304 2662 six
1324 2601 1353 2662 is
1373 2621 1416 2660 ne
1433 2597 1489 2662 vix
1510 2595 1645 2683 quidem
1663 2617 1738 2660 cum
1762 2589 1937 2682 hypothesi

362 2705 571 2778 Anchsriana
590 2717 740 2770 consttre
760 2703 900 2795 possint·
924 2704 999 2772 ·Sic
1022 2705 1080 2770 ubi
1099 2706 1134 2772 in
1155 2729 1229 2796 cup.
1251 2705 1468 2790 1341egitnrs
1487 2709 1539 2769 ”st
1560 2702 1684 2784 multus,
1700 2703 1777 2770 elias
1798 2715 1936 2770 conste-

364 2819 494 2888 tudines
519 2817 569 2906 (cs
581 2813 668 2901 jura)
692 2815 792 2884 habet
812 2841 870 2883 rex
877 2865 890 2897 ,
928 2839 1007 2908 ,quse
1029 2817 1094 2882 sibi
1119 2823 1170 2902 (οι
1184 2816 1229 2906 ci)
1251 2817 1489 2900 conveniunt,”
1527 2841 1608 2884 num
1630 2814 1794 2902 legislator
1814 2819 1858 2882 its
1882 2816 1937 2883 lo-

364 2949 458 3002 cutus
478 2953 545 2998 esse
566 2927 797 2998 existimandus
817 2949 882 3012 est,
906 2953 1017 2999 ennon
1038 2933 1149 3022 potius
1167 2949 1300 3018 auctor,
1321 2937 1378 3024 qui
1401 2955 1442 3000 ex
1462 2925 1614 3024 pluribus
1632 2931 1816 3024 decerpsit,
1845 2931 1938 3024 qnod

364 3062 549 3120 memoratu
568 3045 708 3115 maxime
729 3043 918 3132 dignum
946 3043 1131 3128 videretur,
1169 3069 1242 3138 que
1266 3063 1373 3114 sutem
1393 3047 1529 3114 minoris
1552 3050 1711 3115 momenti
1733 3066 1858 3128 essent,
1891 3047 1938 3115 si-

364 3163 467 3237 lentio
492 3149 680 3256 prseteriitl
710 3161 873 3230 Ceterum
894 3162 931 3227 in
951 3160 1069 3228 eodem
1088 3163 1194 3251 cupite
1214 3184 1333 3251 perum
1355 3161 1529 3248 diligentius
1549 3161 1712 3242 adhibuit,
1741 3184 1843 3252 quum
1866 3183 1940 3252 qun

364 3277 413 3359 ihi
439 3278 526 3347 dicta
556 3294 634 3346 sunt
663 3273 706 3344 de
744 3274 873 3344 mulctis
902 3273 994 3369 pscis
1023 3273 1396 3367 ecclesiasticael'rsctte,
1435 3277 1472 3342 in
1495 3277 1601 3368 cupite
1628 3283 1715 3354 136‘0
1739 3293 1938 3368 repetuntur.

365 3391 422 3460 Sic
442 3393 541 3474 etism
561 3391 680 3460 serbus
701 3393 795 3460 ”lstrs
811 3407 887 3460 sunt
908 3387 1156 3458 consuetudines
1173 3413 1288 3476 regum
1307 3393 1395 3458 inter
1414 3391 1558 3478 Annos·
1579 3413 1652 3483 que
1674 3393 1735 3460 sub
1760 3393 1859 3460 finem
1882 3415 1939 3460 ca·

363 3507 444 3602 pitis
465 3515 527 3592 ¹2⁸
547 3505 777 3582 inveniuntur,
818 3503 1025 3574 hauddubie
1044 3529 1106 3598 per
1125 3507 1286 3578 incuriam
1306 3509 1525 3598 irrepserunt,
1566 3508 1658 3598 quod
1675 3510 1712 3574 in
1730 3507 1939 3578 sdnotations

364 3621 409 3692 ad
430 3621 496 3688 hoc
518 3633 618 3708 ceput
637 3616 768 3683 uberius
789 3622 937 3709 exposui·
991 3621 1062 3710 Qui
1082 3638 1201 3690 attente
1223 3621 1364 3713 perlegit
1384 3645 1457 3715 cap.
1478 3627 1638 3704 143-146,
1686 3623 1871 3712 uhi-egitur
1894 3625 1937 3693 de

365 3736 520 3827 ’'ntiqua
541 3730 613 3816 legs
633 3725 850 3820 seclorum?
877 3731 972 3798 facile
993 3734 1056 3800 sihi
1079 3734 1306 3826 persuadebit,
1331 3737 1474 3828 minime.
1487 3733 1572 3826 leges
1593 3739 1735 3824 uigentes
1756 3740 1813 3808 hic
1832 3763 1938 3830 expo·

366 3853 421 3934 ni,
448 3871 564 3919 rerum
586 3847 785 3940 antiquatas,
817 3845 1027 3940 inueniuntur
1048 3849 1162 3918 eadem
1181 3865 1346 3942 praecepts
1367 3850 1496 3936 judiciis
1517 3853 1656 3922 civitstis
1677 3851 1858 3944 Lundonist
1876 3853 1939 3920 atl-
2033 3848 2037 3856 ’

366 3967 449 4051 jecta
469 3966 504 4030 in
526 3979 615 4032 textu
632 3962 793 4044 ltoffemi,
837 3959 925 4029 unde
946 3962 983 4027 in
1003 3961 1180 4030 editionem
1201 3963 1449 4034 Willinsisnsm
1465 3992 1501 4058 p·
1522 3975 1623 4038 70-71
1643 3965 1839 4049 migrarunt,
1860 3963 1938 4037 licet

366 4076 559 4150 Willtinsius
582 4071 674 4145 rslde
695 4076 911 4159 dubitsterit,
949 4093 1060 4143 utrum
1078 4074 1120 4142 sd
1140 4075 1197 4143 illa
1216 4073 1336 4161 judicis
1352 4080 1556 4170 pertineant,
1597 4074 1639 4143 sn
1659 4079 1769 4168 potius
1786 4079 1828 4147 sd
1852 4080 1939 4168 leges

367 4188 575 4265 AEthelstaniss
624 4189 729 4268 Nobis
747 4189 881 4283 quidem
903 4192 1182 4284 persuasissimum
1202 4211 1268 4273 est,
1299 4210 1336 4259 nt
1352 4191 1399 4272 ¹sd
1418 4213 1481 4260 nos
1500 4209 1741 4282 pervenerunt,
1773 4189 1830 4260 ills
1849 4217 1940 4288 prse-

366 4324 461 4399 cepta
483 4306 627 4398 speciem
649 4299 730 4390 legis
751 4329 821 4375 nou
835 4307 971 4391 referre,
993 4307 1051 4374 sed
1070 4329 1138 4374 etse
1161 4303 1811 4398 ohservationesluriscousulticnjnsdsm
1829 4311 1865 4378 in
1887 4316 1939 4400 jus

405 4478 438 4547 fi)
477 4479 513 4534 1n
529 4481 764 4540 commomlere
781 4477 893 4536 laudata
910 4469 943 4534 [ιι
959 4482 1028 4534 astte
1044 4479 1120 4536 liter.
1138 4479 1223 4537 Untr.
1239 4477 1324 4542 ttelr.
1339 4497 1370 4552 p.
1390 4479 1455 4550 sii,
1479 4480 1602 4538 version.
1620 4479 1684 4538 dau.
1699 4495 1730 4552 p·
1749 4481 1841 4540 65-66.
1884 4509 1887 4518 ⁴
1956 4499 1961 4508 ·
