4368 5222
790 691 850 768 25.
887 679 978 779 (17.)
1024 681 1086 752 De
1113 677 1241 750 diebus
1255 675 1373 768 sestis
1398 689 1435 747 et
1452 679 1605 777 jejunii.

541 817 583 884 In
624 815 790 884 omnibus
828 815 929 884 festis
963 822 999 882 ct
1022 814 1147 884 diebus
1178 814 1393 904 jejuniorum
1408 809 1438 904 ι)
1470 824 1508 882 et
1540 815 1665 885 diebus
1692 815 1984 907 quadragesim&

413 960 449 1017 et
475 948 520 1016 ab
545 947 701 1016 adventu
724 948 861 1016 domini
889 967 1001 1035 usque
1016 941 1050 1036 2)
1074 955 1155 1014 octo
1184 945 1258 1014 dies
1284 955 1366 1034 post
1395 955 1537 1018 octavas
1562 946 1798 1037 Epiphaniae,
1848 957 1885 1016 et
1911 945 1982 1039 s³)

410 1079 679 1169 septuagesima
720 1101 833 1169 usquc
862 1077 1065 1169 quindecim
1095 1078 1170 1145 dies
1200 1086 1283 1166 post
1304 1075 1456 1166 pasche,
1493 1082 1614 1148 omnis
1634 1079 1764 1168 judicis
1774 1076 1809 1171 ⁴)
1835 1077 1923 1150 ferri
1947 1088 1985 1183 et

411 1206 531 1303 nquae,
583 1219 620 1277 et
634 1205 666 1301 ⁵)
701 1231 807 1277 omne
833 1208 1081 1298 jusjurandum
1107 1207 1153 1276 ex
1182 1219 1284 1298 purte
1311 1207 1381 1276 Dei
1406 1207 1650 1297 prohibemus.

721 1343 781 1420 26.
803 1337 892 1434 (17.)
952 1341 1014 1410 De
1031 1337 1139 1428 sesto
1162 1339 1215 1408 Su·
1248 1337 1446 1410 Eaduarcli
1469 1337 1667 1431 Martyris.

543 1475 727 1564 Sapientes
741 1469 776 1564 ⁶)
800 1469 948 1564 regni⁷)
981 1474 1052 1540 mei
1081 1495 1223 1542 mecum
1254 1474 1508 1562 decreverint,
1558 1471 1731 1541 celebrari
1744 1465 1777 1562 ⁸)
1803 1469 1936 1542 festum
1950 1469 1986 1564 ⁹)

412 1607 526 1676 suncti
548 1605 707 1677 Edrsrdi
730 1603 841 1698 Regis
869 1606 1008 1676 decimo
1026 1606 1160 1696 'quinto
1185 1603 1369 1674 Kalendas
1392 1600 1548 1694 Aprilis,
1597 1614 1635 1675 et
1660 1603 1781 1672 Sancti
1805 1602 1985 1672 Dunstsni

412 1741 551 1808 decimo
576 1747 703 1830 quarto
727 1735 911 1804 Kalendas
933 1738 1050 1824 Junii3
1088 1739 1126 1802 in
1150 1735 1218 1802 hiis
1247 1735 1371 1802 diebus
1399 1737 1446 1801 sit
1468 1757 1542 1824 pax
1566 1746 1603 1802 et
1627 1738 1797 1804 securitas
1821 1734 1986 1802 omnibus

412 1868 645 1954 Christianis,
697 1874 734 1930 et
765 1862 808 1929 lis
837 1876 873 1932 st
905 1867 1086 1932 contentio
1102 1859 1158 1953 ¹0)
1192 1863 1417 1950 destruetur,
1455 1875 1504 1936 ,et
1529 1867 1560 1932 si
1592 1864 1719 1954 aliquis
1747 1865 1857 1933 debet
1882 1864 1986 1934 alteri

409 2000 602 2087 'pecuniam
617 2007 627 2036 ¹
641 1993 673 2086 ι)
699 2003 763 2062 sut
788 1991 921 2084 aliquid
944 1991 1051 2081 eliud,
1076 1991 1204 2062 reddat
1229 2001 1291 2060 unt
1292 2039 1344 2060 .....
1353 1989 1409 2084 ¹²)
1434 2003 1498 2062 sut
1521 1992 1613 2083 plns,
1635 1995 1699 2060 sed
1726 1995 1765 2065 in
1784 1998 1991 2084 proximo„

546 2119 626 2205 (18.)
673 2121 717 2184 Et
740 2120 832 2198 in15)
856 2117 1029 2184 dilectione
1050 2119 1210 2207 petimus,
1255 2134 1292 2181 ut
1318 2119 1506 2206 quicunque
1537 2118 1743 2184 Christianus
1773 2142 1862 2184 sunm
1884 2121 1986 2210 ipsius

412 2221 658 2290 benefaciendi
681 2225 900 2287 necessitatem
921 2216 1099 2310 intelliget,
1116 2221 1205 2310 'qnia
1228 2220 1371 2302 singulos
1390 2242 1449 2284 nos
1473 2238 1598 2310 ternpus
1623 2239 1802 2311 exspectet,
1835 2220 1985 2312 quode)

412 2330 509 2395 nobis
533 2342 614 2390 esset
630 2327 753 2404 curius,
788 2347 886 2415 quem
911 2323 1070 2414 quicquid
1093 2325 1127 2387 in
1149 2323 1229 2388 orbe
1251 2341 1413 2388 terrarum
1434 2323 1573 2389 mundus
1599 2325 1760 2402 obtinuit,
1797 2327 1859 2390 Dei
1880 2326 1987 2390 nostri

413 2432 614 2499 voluntatem
637 2427 765 2500 fecisse,
811 2427 890 2493 dum
909 2421 1011 2492 licuit.
1076 2427 1172 2489 Tunc
1192 2449 1267 2491 sune
1291 2427 1520 2515 rccipimns15)
1545 2426 1767 2507 uniformem)
1789 2427 1987 2516 stipendium

414 2534 593 2600 secundum
613 2532 785 2608 meritam)
806 2549 926 2596 nosuu.
968 2531 1073 2610 Ve18)
1096 2531 1151 2618 qui
1172 2530 1355 2619 promeruit
1375 2532 1572 2626 sempiterna
1593 2529 1772 2620 supplicis!
1803 2530 1986 2606 Renuntie-

414 2659 486 2701 mus
510 2629 624 2700 scdnlo
649 2636 787 2720 peccetis
811 2635 946 2712 nostris,
972 2649 1004 2696 et
1025 2633 1283 2698 confessionibus
1308 2649 1340 2698 et
1364 2633 1565 2698 abstinentiis
1591 2637 1821 2724 opiensem)
1844 2651 1875 2700 et
1896 2631 1989 2724 quod

415 2740 511 2804 nobis
532 2737 604 2800 fieri
628 2729 796 2806 volumus,
841 2731 911 2796 sliis
938 2733 1102 2798 suciamus.
1152 2734 1223 2797 Hoc
1244 2733 1621 2820 judiciumjusrumao),
1658 2739 1701 2800 Er
1722 2761 1798 2803 sune
1821 2739 1933 2802 beatus
1956 2752 1987 2800 et

416 2843 487 2905 Deo
508 2855 615 2924 gratus
637 2853 702 2912 cst,
746 2835 803 2922 qui
823 2831 980 2915 judicium
1004 2833 1068 2896 hoc
1092 2832 1216 2896 sincere
1245 2837 1384 2900 tenuerit
1414 2837 1456 2900 sd
1487 2837 1623 2920 glorium
1654 2839 1885 2928 omnipotentis
1912 2837 1985 2922 Dei,

417 2946 508 3026 cujus
530 2961 639 3004 snmus
661 2936 866 3000 miseratione
890 2933 1033 3015 conditi,
1056 2935 1164 3023 pretio
1189 2957 1307 3018 magno
1330 2937 1503 3028 redempti.

420 3049 648 3068 Μ

455 3098 480 3155 1)
516 3090 553 3144 A.
572 3090 636 3142 odd.
655 3086 709 3140 and
728 3083 848 3152 ymbreu
867 3083 979 3152 degum.

453 3198 482 3262 2)
517 3192 552 3245 sd
568 3191 604 3244 Η.
623 3189 657 3242 nd
676 3199 805 3242 ceterum
823 3186 897 3240 diem
914 3198 979 3255 post
996 3183 1227 3238 duodecimum‘n
1244 3186 1331 3238 netuli
1348 3197 1376 3239 et
1394 3186 1443 3242 dre.
1462 3187 1532 3240 ΠΒ.
1727 3191 1760 3258 5)
1794 3194 1825 3244 in
1840 3192 1878 3244 tt.

452 3299 481 3357 4)
514 3291 545 3348 Β.
566 3311 616 3345 om.
634 3291 749 3362 judicis.
773 3297 778 3308 ’
947 3286 981 3357 5)
1020 3290 1068 3341 rel
1087 3287 1251 3353 huiusmodi
1269 3289 1339 3354 legis
1358 3292 1487 3342 examine
1505 3286 1570 3341 fieri
1587 3287 1770 3357 prohibemus
1787 3291 1821 3345 B.

453 3398 481 3460 6)
515 3394 656 3446 Volumus
674 3391 811 3444 celebrari
828 3387 877 3442 dre.
891 3387 925 3446 B.
1121 3393 1147 3457 7)
1182 3387 1219 3443 A.
1237 3405 1289 3440 cm.
1307 3393 1388 3458 regui
1406 3395 1462 3444 mei
1480 3405 1600 3444 mecum.

454 3497 483 3562 8)
516 3492 657 3546 celebrere
675 3491 711 3546 li,
730 3489 850 3544 -A.1t.
870 3492 935 3542 add.
954 3506 1005 3558 per
1021 3499 1108 3543 totsm
1125 3489 1266 3558 Anglism.

454 3601 481 3664 9)
515 3595 670 3662 gloriosum
688 3597 824 3660 passionis
841 3592 917 3644 diem
937 3608 987 3659 per
1006 3603 1093 3644 totum
1111 3590 1251 3658 Anglism.
1270 3592 1307 3645 D.
1506 3591 1555 3666 ro)
1594 3592 1630 3646 Η.
1649 3595 1713 3648 odd.
1732 3597 1763 3648 in
1779 3595 1920 3654 omnibns.

441 3697 486 3764 rr)
522 3695 556 3746 ds
582 3695 753 3761 plegiationo
778 3694 824 3745 rel
849 3695 944 3761 eliqua
967 3696 1379 3764 contingentiumseculsrium
1396 3693 1612 3761 emendacione,
1629 3696 1727 3750 reddet
1744 3703 1772 3752 ei
1788 3699 1887 3754 sedulo
1907 3702 1986 3770 prius

551 3804 600 3846 sut
617 3803 713 3862 posteo
729 3791 835 3848 ΒΜ.
854 3791 879 3844 br
897 3811 948 3847 om.
966 3804 1029 3846 cest.

441 3897 486 3968 12)
527 3899 583 3952 Vox
595 3897 682 3966 plone
695 3913 776 3947 eraso
792 3904 850 3953 ectr
886 3897 915 3946 r'n
928 3896 1053 3965 margine
1062 3897 1150 3964 paulo
1164 3897 1308 3950 recentiori
1320 3916 1405 3952 manu
1419 3900 1524 3971 scripta
1541 3902 1601 3954 lsoer
1614 3903 1803 3958 abbreviatio:
1835 3883 1889 3964 ἧς
1917 3901 1986 3972 sor·

554 4010 626 4052 tasse
641 3999 783 4067 legendum
798 4005 925 4056 tautum3
944 3997 986 4046 ita
1003 3999 1206 4067 Rostgaardr'us
1214 4017 1224 4058 ,·
1243 4002 1376 4053 credimus
1390 4001 1531 4074 legendum
1545 4021 1622 4057 esse:
1640 4015 1704 4058 nuto
1721 4017 1771 4060 eut
1785 4015 1858 4073 poet,
1872 4001 1922 4060 sed
1937 4001 1984 4059 dre.

511 4103 513 4109 ’
553 4106 589 4154 In
608 4102 670 4154 Cod.
690 4099 727 4149 H.
751 4099 855 4169 legitur
873 4108 936 4148 unte
955 4113 1058 4150 annum
1077 4109 1126 4150 sut
1145 4103 1224 4166 prius
1242 4104 1272 4152 iu
1289 4106 1429 4168 proximo.

398 4249 400 4255 .
441 4207 484 4273 15)
519 4201 551 4256 Β.
569 4203 633 4254 add.
668 4199 733 4253 Dei.
754 4227 787 4240 -
805 4200 987 4250 Desideratur
1002 4199 1050 4251 hoe
1065 4211 1149 4269 copul
1166 4203 1195 4253 r'n
1213 4203 1306 4254 Codice
1322 4213 1423 4254 nostro.
1460 4207 1548 4275 Quum
1571 4217 1662 4260 cutem
1684 4209 1714 4262 in
1730 4209 1986 4263 contunsis-

551 4306 689 4366 veniatur,
703 4303 765 4353 inde
779 4302 841 4353 duic
856 4303 912 4353 Ioco
928 4303 959 4353 id
971 4303 1143 4354 inseruimus.
1293 4305 1336 4371 14)
1376 4323 1427 4375 quo
1445 4301 1510 4358 RS.
1658 4310 1702 4376 15)
1737 4313 1905 4378 recipimus
1922 4305 1986 4364 B.S.

439 4411 484 4477 16)
521 4407 676 4474 simplicem
694 4404 850 4456 mercedem
870 4401 1062 4474 W.(suseeld
1083 4403 1173 4474 iesu.)
1371 4405 1416 4474 ²7)
1452 4423 1538 4475 opere
1555 4405 1619 4469 B.S.

441 4515 484 4578 18)
521 4521 552 4563 nt
572 4512 621 4577 qui
640 4509 827 4576 promeruerit
845 4503 892 4559 &o
911 4503 943 4562 B.
1145 4507 1187 4576 19)
1228 4510 1407 4574 experiemur
1423 4503 1456 4566 Β.
1661 4516 1706 4578 ro)
1741 4519 1868 4568 nostrum
1884 4506 1914 4566 S·
