4344 5220
359 448 501 550 'to

401 671 548 757 relade,
564 672 596 762 ι)
646 688 683 747 et
713 677 810 750 infra
839 681 989 774 triginta
1018 677 1142 778 dies2)
1174 685 1322 780 incipiat
1352 685 1595 778 paenitentiam
1619 691 1657 754 et
1680 686 1966 756 emendationem

277 903 284 914 ο
400 807 570 905 contra³)
596 809 715 881 Deum
742 822 779 882 et
803 811 974 884 homines.
989 811 1026 908 ⁴)

752 952 838 1025 ’40.
863 941 952 1038 (37.)
1004 945 1101 1016 Item
1119 947 1148 1036 ³)
1182 947 1229 1018 de
1251 941 1428 1017 ministris
1449 943 1596 1021 ultoris.
1691 919 1694 927 ⁴

533 1071 671 1167 Siquis
695 1079 898 1146 ordinatum
923 1087 986 1146 aut
1009 1071 1212 1175 alienant)
1236 1103 1302 1173 per
1325 1069 1513 1151 consilium
1539 1103 1643 1152 sunm
1668 1079 1820 1172 perdere
1842 1077 1969 1156 fecerit

401 1207 591 1293 pecuniam
621 1219 684 1277 aut
709 1211 840 1297 vitam,
889 1219 976 1278 tuno
1007 1209 1116 1280 debet
1149 1235 1226 1281 esse
1255 1235 1323 1284 rex
1355 1211 1408 1282 illi
1432 1233 1499 1303 pro
1523 1221 1675 1302 parente
1689 1209 1724 1304 ⁷)
1751 1221 1788 1280 et
1810 1233 1878 1302 pro
1902 1213 1972 1280 do·
2065 1199 2069 1206 ⁴

403 1338 522 1426 mino,
554 1339 625 1408 nisi
651 1339 760 1410 alium
784 1339 932 1428 habeat,
962 1337 1047 1434 εΗ)
1073 1345 1286 1413 emendetur
1309 1346 1385 1435 regi
1406 1345 1602 1414 secundum
1630 1343 1725 1436 quod
1748 1343 1884 1432 justum
1909 1351 1973 1428 est,

407 1477 470 1536 aut
493 1470 569 1560 ipse
595 1493 662 1541 rex
686 1473 847 1540 districto
868 1473 1025 1543 vindicet
1049 1475 1145 1566 quod
1167 1471 1304 1545 factum
1328 1483 1402 1563 eet,
1441 1475 1537 1568 quod
1563 1475 1756 1544 christiano
1780 1474 1858 1568 regi
1881 1493 1974 1542 con-

405 1599 505 1670 venit
525 1611 562 1670 et
585 1601 707 1692 decet,
725 1613 767 1673 ut
791 1601 948 1675 vindicet
970 1606 1101 1675 acriter
1123 1607 1161 1676 in
1187 1629 1269 1695 eos,
1295 1609 1356 1700 qui
1381 1603 1478 1698 leges
1497 1603 1570 1674 ‘Dei
1593 1604 1739 1680 violant.

691 1725 693 1732 ¹
882 1743 943 1814 41.
969 1733 1059 1830 (38.)
1114 1733 1212 1805 Item
1225 1733 1260 1827 ⁹)
1284 1735 1330 1802 de
1357 1735 1503 1804 eisdem.

537 1863 574 1932 Si
600 1865 764 1933 minister
788 1863 909 1934 altaris
934 1864 1167 1935 homicidium
1191 1855 1338 1952 iecerit,
1370 1867 1504 1953 aut10)
1530 1833 1674 1957 ¹aliquod
1698 1885 1869 1957 magnum
1893 1889 1975 1936 soe-

405 1992 481 2081 lus,
518 2005 639 2062 careat
663 2005 700 2062 et
724 1995 851 2062 ordine
875 2003 913 2062 et
935 1993 1174 2089 libertatess)
1197 2018 1283 2077 sua,
1320 2003 1358 2063 et
1380 1996 1488 2066 vadat
1510 1998 1549 2064 in
1574 1991 1742 2082 exilium,
1776 1997 1975 2064 secundum

407 2125 504 2219 qnod
527 2147 622 2218 papa
637 2125 696 2218 ¹²)
731 2125 800 2195 sibi
822 2128 1068 2217 constimerit3
1117 2127 1268 2218 quodsi
1297 2122 1627 2218 purgarefisffl)
1659 2123 1830 2214 voluerit,
1880 2129 1974 2218 trip-

406 2253 467 2327 lici
480 2257 537 2352 ¹⁴)
562 2265 786 2326 sacramento
815 2279 855 2326 se
879 2268 1027 2349 purget,
1075 2266 1113 2328 et
1136 2257 1205 2328 uisi
1229 2253 1325 2326 infru
1345 2257 1492 2350 triginta
1518 2251 1665 2350 dies15)
1686 2257 1973 2330 emendationem

409 2391 607 2482 inceperit,
648 2398 687 2460 et
707 2387 787 2458 Deo
810 2397 848 2460 at
870 2388 1077 2460 hominibus
1101 2386 1333 2477 satisfecerit,
1382 2383 1654 2480 expellaawt)
1676 2411 1699 2458 e
1718 2397 1838 2470 terra,
1868 2397 1906 2458 et
1929 2391 1978 2467 sit

409 2519 503 2591 exul.

740 2660 744 2672 '
797 2659 859 2732 42.
889 2649 978 2748 (39.)
1026 2653 1125 2724 Item
1159 2651 1206 2720 dc
1238 2649 1376 2720 cladem
1401 2649 1590 2720 ministris.
1725 2637 1727 2642 ¹

544 2781 684 2875 Siquis
708 2781 863 2874 aliquem
889 2785 1093 2853 ordinatura
1118 2783 1303 2877 ligaverit,
1342 2792 1404 2852 aut
1428 2785 1582 2874 turpiter
1605 2745 1770 2852 deriserit
1794 2789 1857 2850 cut
1880 2785 1980 2853 ceci-

411 2913 524 3002 derit,
539 2909 596 3007 ¹⁷)
644 2914 811 2982 emendet
841 2911 893 2982 illi
924 2915 1121 2985 secundum
1152 2916 1248 3007 quod
1270 2915 1405 3006 justum
1431 2923 1502 3003 cst,
1516 2923 1529 2957 ¹
1540 2913 1574 3010 ⁸)
1623 2909 1757 2984 scilicet
1780 2915 1979 2986 secundum

414 3047 562 3117 modum
582 3047 740 3136 ordinis,
775 3053 838 3116 aut
857 3056 987 3138 purget
1012 3051 1059 3116 se'
1073 3044 1181 3140 plena
1204 3047 1427 3138 purgatione.
1441 3043 1497 3140 Ι9)

418 3275 423 3284 -
450 3247 476 3304 ι)
510 3243 653 3300 Verelada
667 3239 752 3293 uertit
771 3239 894 3296 Wllkr'ne
909 3257 979 3309 per.-
1012 3241 1205 3312 purgationem
1221 3238 1385 3308 capitalem,
1402 3237 1524 3304 Plre'llipe
1539 3245 1632 3288 autem
1644 3236 1785 3307 placuisse
1804 3241 1913 3295 videtur
1929 3261 1979 3296 oo-

545 3335 586 3386 cs'e
602 3331 751 3401 explicatio
765 3348 816 3400 per
829 3332 1039 3402 purgationem,
1059 3347 1121 3403 quoe
1140 3331 1171 3382 in
1188 3347 1274 3384 cauea
1289 3328 1428 3381 homicidii
1447 3325 1644 3394 adhibebatur,
1656 3328 1817 3392 jurantento
1834 3349 1979 3386 coercere.

545 3420 706 3474 mentalium
721 3419 900 3489 perficienda.
918 3421 1054 3489 (Pitttipa
1070 3435 1100 3487 p.
1120 3419 1194 3485 itt.)
1331 3417 1359 3484 2)
1395 3427 1491 3468 noctes
1506 3413 1575 3471 D.B.
1712 3417 1961 3487 5)·'epnd1l.ll.'

447 3509 481 3576 4)
515 3512 552 3560 In
568 3519 647 3560 textu
662 3512 722 3563 As.
738 3513 869 3564 additur:
886 3525 937 3578 per
955 3525 1056 3574 omne,
1073 3508 1150 3576 quod
1167 3507 1262 3564 habet.
1277 3533 1311 3548 -
1327 3509 1362 3560 B.
1380 3507 1445 3559 cdd.
1463 3520 1548 3575 super
1565 3521 1664 3575 omae,
1683 3507 1760 3575 quod
1781 3505 1874 3562 habet.

425 3599 480 3666 .5)
513 3593 586 3654 itii.
601 3614 652 3649 om.
668 3599 881 3668 inscriptionem.
1074 3598 1104 3666 6)
1145 3599 1334 3674 alienigenam
1348 3594 1381 3648 B.

442 3691 480 3757 ,7)
512 3689 681 3752 cognatione
700 3689 897 3752 etwdvoceto,
912 3691 971 3742 niel
989 3685 1037 3741 dec.
1059 3683 1093 3741 B.
1260 3715 1262 3722 ·
1288 3684 1320 3756 8)
1355 3682 1766 3754 cruciamentum.

450 3779 483 3849 ς)
518 3773 592 3827 HJ).
607 3791 659 3826 orn.
678 3775 887 3844 inscriptionem.

435 3869 480 3930 ιο)
514 3866 561 3918 eei
580 3864 661 3917 malie
680 3861 789 3918 ιιιὶὶιιιι
805 3863 1020 3933 supramodum
1037 3861 1196 3930 differetur,
1220 3867 1350 3933 privetur
1367 3863 1467 3918 ordine
1486 3862 1536 3919 &a
1561 3861 1590 3918 S.

435 3952 484 4023 ιι)
518 3954 652 4021 dignitate
665 3951 735 4006 nit.
932 3953 979 4022 ra)
1014 3953 1145 4008 dominns
1163 3958 1294 4022 proprius
1311 3953 1368 4006 eibi
1385 3953 1435 4010 dac.
1450 3953 1487 4006 ti.
1504 3981 1539 3996 -
1555 3969 1629 4024 pepe
1646 3967 1715 4008 ιιιιιι
1732 3944 1786 4007 etit
1804 3949 1852 4008 dtr.
1870 3939 1942 4011 nii

318 4107 323 4120 ¹
439 4045 484 4110 ιδ)
519 4043 624 4100 H.B.D.
640 4053 714 4098 recte
732 4039 799 4100 aad.
816 4057 855 4098 ee.
1053 4039 1101 4112 14)
1134 4043 1207 4099 iti).
1225 4044 1289 4098 add.
1306 4043 1415 4111 judicio
1433 4044 1490 4098 eel-
1686 4043 1734 4115 15)
1772 4055 1870 4100 noctae
1886 4045 1942 4102 D..

438 4135 482 4204 ιθ)
515 4143 597 4187 extre
613 4133 707 4200 legem
721 4131 860 4186 habeatnr
874 4129 945 4188 nii.
1141 4131 1189 4202 ¹7)
1223 4130 1389 4186 verberibus
1406 4129 1512 4200 affligat
1537 4131 1608 4186 nti.

439 4225 483 4295 ed)
519 4233 548 4276 et
565 4225 697 4290 episcopo
718 4223 945 4276 emendacionem
964 4221 1072 4289 ulteris,
1109 4221 1186 4290 qnod
1203 4219 1308 4274 dicitur
1324 4221 1423 4292 ceosod
1439 4221 1515 4287 bote,
1541 4233 1570 4276 et
1587 4221 1701 4276 domino
1720 4231 1770 4276 eut
1785 4225 1847 4291 regi
1864 4223 1980 4292 plenam

550 4307 728 4378 despectum,
752 4315 846 4364 omnic
865 4315 918 4364 tete
935 4311 1090 4364 eemrudum
1106 4309 1222 4362 modum
1239 4309 1355 4364 ordinie.
1370 4309 1479 4364 ΗΜ.
1499 4321 1527 4364 et
1544 4315 1677 4380 episcopo
1694 4313 1919 4366 emendationem
1937 4330 1980 4368 ee-

550 4399 676 4456 eundum
700 4399 794 4452 elteri·
819 4411 848 4453 et
870 4399 979 4454 ordinis
1003 4399 1184 4468 agninam,
1219 4403 1280 4467 regi
1299 4400 1345 4453 vel
1363 4399 1477 4454 domino
1497 4401 1607 4470 plenem
1623 4401 1818 4456 infractionem
1837 4407 1913 4472 pecie
1933 4416 1983 4457 eut

549 4491 633 4561 ptem
650 4491 714 4558 lege
731 4500 823 4557 neget.
841 4485 902 4546 BE.
1100 4489 1149 4557 ις)
1185 4487 1250 4542 lade
1267 4487 1303 4542 D.
