4368 5222
736 689 800 767 27.
826 683 901 782 (19.
926 689 999 778 22.)
1049 689 1112 760 Dc
1138 686 1241 758 trino
1266 686 1606 760 communicatione.

516 815 756 914 Faciemns1)
781 823 889 894 etiam
915 823 1007 892 sieut
1032 817 1135 890 nobis
1162 821 1326 914 expedit,
1354 843 1598 916 praeparemus
1621 831 1764 894 nosmet
1787 825 1902 916 ipsos,
1928 835 1965 898 et

382 947 472 1017 tales
503 971 568 1020 nos
601 949 851 1043 exhibeamus,
901 962 945 1025 ui
969 951 1096 1025 sellem
1123 961 1178 1024 ter
1200 955 1239 1026 in
1267 975 1362 1027 anno
1389 957 1567 1048 possimus
1583 951 1847 1030 communicari
1881 979 1968 1028 cor·

381 1081 460 1172 pori
487 1091 524 1152 et
544 1085 709 1176 iengvini
733 1084 889 1180 Domini.
950 1127 953 1134 ·
1566 1085 1572 1092 ’

419 1957 444 2018 ι)
480 1951 651 2027 Quicunque
669 1957 862 2026 Christlmus,
893 1961 968 2014 slcut
986 1974 1052 2014 rere
1071 1961 1261 2016 necessarlum
1279 1970 1337 2026 est,
1372 1957 1485 2028 dignam
1504 1959 1703 2018 christianitati
1720 1978 1778 2024 sue,
1792 1981 1888 2018 curam
1905 1968 1958 2020 lm-

511 2057 630 2126 peudat,
665 2071 693 2113 et
711 2061 746 2115 sd
763 2065 976 2132 perceptionem
993 2065 1199 2117 communionis
1219 2063 1361 2116 dominice
1377 2071 1422 2114 ter
1439 2062 1538 2116 saltem
1556 2066 1587 2117 ln
1603 2081 1677 2117 enno
1696 2081 1726 2118 re
1744 2077 1889 2136 preparet,
1925 2079 1959 2121 ut

510 2175 569 2211 uon
586 2161 642 2214 hoc
664 2163 699 2216 sd
727 2163 882 2232 judicium,
900 2163 949 2216 sed
967 2161 1001 2216 ad
1020 2163 1175 2217 remedium
1193 2165 1314 2218 salutare
1331 2161 1497 2226 manducem
1522 2173 1551 2217 et
1568 2170 1696 2235 quisquis
1716 2169 1822 2220 amicus
1841 2168 1887 2221 dei
1903 2179 1955 2234 est,

512 2261 606 2317 verbis
632 2276 661 2316 et
685 2265 819 2333 operibus
838 2264 1038 2317 rectitudinem
1055 2263 1178 2332 flagitet,
1213 2264 1298 2318 iidem
1323 2275 1351 2317 et
1368 2275 1537 2319 sacramente
1556 2280 1637 2321 ceute
1656 2267 1804 2320 custodiet.
1856 2263 1957 2322 Omnis

510 2368 656 2436 injusticia
674 2367 708 2420 de
722 2365 827 2422 linibus
845 2371 959 2436 uostris,
976 2377 1112 2434 quantum
1128 2383 1286 2436 possumus,
1303 2365 1463 2436 expellatur
1481 2379 1509 2420 et
1526 2367 1573 2422 del
1591 2371 1734 2439 justiciam
1753 2367 1835 2423 dictis
1853 2381 1881 2422 et
1898 2369 1958 2424 lac·

511 2473 547 2521 tis
565 2469 696 2539 deinceps
717 2471 925 2538 amplectemur.
980 2469 1062 2522 Tunc
1086 2471 1147 2522 eius
1165 2469 1386 2524 mirericordiam
1403 2472 1583 2536 propitiatius
1600 2469 1822 2538 impetrabimus.
1874 2469 1957 2542 (Cap.

513 2587 555 2627 2o.
572 2572 611 2626 A.
636 2572 679 2624 bic
702 2568 827 2641 incipit.)
885 2571 1025 2640 Tempore
1050 2569 1137 2640 (item
1155 2569 1204 2644 B.)
1231 2569 1382 2636 iaciamus,
1417 2574 1491 2624 sicut
1518 2570 1609 2626 edhuc
1632 2571 1797 2641 persuaderi
1814 2573 1958 2628 volumus.

511 2667 607 2724 Simus
633 2673 752 2724 dominis
779 2676 882 2724 nostris
907 2689 958 2740 per
986 2675 1080 2723 omnia
1104 2669 1202 2725 fideles
1227 2684 1256 2725 et
1282 2671 1432 2725 credibiles
1460 2683 1489 2725 et
1506 2687 1606 2726 eorum
1623 2675 1744 2742 gloriam
1761 2680 1829 2728 totis
1845 2675 1953 2728 viribus

512 2769 667 2823 exultemus
694 2783 722 2824 et
748 2773 823 2824 velle
850 2769 1000 2834 iaciemus,
1034 2773 1102 2836 quis
1128 2771 1265 2839 quicquid
1290 2789 1342 2840 pro
1368 2784 1443 2826 recte
1467 2773 1646 2826 dominorum
1671 2773 1809 2828 fidelitate
1834 2774 1953 2830 iacimus

513 2869 562 2938 (Β.
579 2873 642 2924 add.
662 2871 695 2923 ad
713 2887 841 2939 maguam
859 2869 941 2923 nobis
960 2871 1113 2923 utilitatem
1131 2869 1282 2942 sociemur)
1301 2883 1330 2924 et
1346 2879 1469 2926 scienter
1487 2875 1556 2926 deur
1569 2875 1613 2925 llll
1630 2872 1723 2926 iidells
1741 2875 1797 2936 est,
1833 2879 1884 2942 qui
1902 2876 1953 2928 do-

512 2977 589 3025 miuo
613 2989 666 3028 suo
691 2971 783 3025 fidelis
802 2983 844 3025 est
861 2979 955 3035 recte,
978 2983 1007 3024 et
1023 2974 1179 3039 uuicuique
1195 2973 1309 3024 domiuo
1327 2989 1460 3040 magnum
1478 2989 1550 3042 opus
1567 2984 1625 3040 est,
1660 2985 1692 3026 ut
1707 2974 1852 3028 hominem
1868 2993 1952 3032 suum

512 3085 587 3130 recta
607 3075 735 3130 deducat.
777 3077 855 3146 (Cap.
875 3093 917 3128 21.
934 3075 984 3142 A.)
1032 3069 1137 3128 Omnes
1158 3071 1331 3127 Christimos
1348 3073 1447 3127 sedulo
1467 3089 1690 3139 commonemus,
1725 3085 1759 3128 ut
1776 3093 1849 3144 puro
1867 3079 1952 3132 corde

511 3194 621 3249 semper
639 3179 724 3232 deum
741 3177 859 3247 diligant
876 3187 904 3230 et
921 3175 1059 3230 catholice
1076 3176 1285 3228 christianicum
1304 3173 1373 3228 fidei
1390 3175 1475 3242 digne
1492 3181 1631 3244 servient,
1655 3181 1757 3228 raucus
1776 3181 1886 3242 (sanctas
1903 3177 1951 3243 Β.)

511 3284 628 3336 ecclesie
646 3279 809 3334 doctoribus
826 3281 928 3334 devote
945 3289 1068 3348 pereant,
1090 3277 1136 3330 del
1153 3277 1230 3344 leges
1248 3287 1277 3330 et
1294 3275 1449 3330 doctrinam
1467 3274 1608 3328 subtiliter
1626 3275 1761 3342 (fideliter
1775 3273 1818 3343 S.)
1831 3280 1951 3330 inresti-

512 3395 580 3452 geut
595 3399 705 3453 semper
721 3395 749 3436 et
766 3383 876 3438 assidue
894 3380 1008 3434 tibimet
1023 3379 1058 3433 sd
1075 3379 1234 3432 utilitatem.
1253 3381 1330 3448 (Cep.
1344 3395 1387 3433 22.
1401 3379 1449 3440 A.)
1467 3377 1504 3430 Et
1520 3380 1611 3428 omnis
1629 3374 1803 3428 Christianus
1818 3376 1950 3443 addiscat,

511 3495 545 3538 ut
561 3486 658 3538 saltem
675 3501 741 3538 sane
759 3484 828 3538 fidel
842 3495 946 3537 rectem
962 3483 1180 3550 intelligentiam
1195 3479 1298 3534 hebeat
1314 3490 1344 3533 et
1359 3483 1428 3533 sciet
1441 3478 1525 3532 l'rtir
1538 3475 1676 3530 Noster&
1689 3473 1779 3530 Credo
1796 3481 1828 3531 ln
1845 3477 1948 3547 Deum,

512 3589 579 3654 qula
599 3601 650 3653 per
666 3585 738 3638 illud
757 3585 841 3639 deum
858 3601 1024 3648 exoramus,
1047 3599 1098 3652 per
1114 3581 1189 3636 illud
1207 3581 1296 3645 (aliud
1314 3579 1358 3644 Β.)
1376 3591 1479 3634 rectam
1495 3577 1582 3632 fldem
1598 3578 1780 3632 declaramus.
1819 3579 1948 3636 Christus

511 3689 572 3754 ipse
591 3689 697 3754 primur
714 3685 785 3738 hauc
803 3689 959 3738 orationem
976 3685 1097 3753 protulit
1116 3694 1144 3737 et
1161 3683 1316 3751 discipulos
1333 3699 1400 3738 tuos
1418 3682 1531 3746 docuit,
1548 3685 1579 3733 in
1598 3697 1654 3749 qua
1670 3690 1777 3748 septem
1796 3688 1947 3749 petitiones

511 3797 586 3851 sunt,
604 3797 634 3840 et
651 3790 779 3855 quisquis
792 3785 921 3856 (quomo
933 3789 996 3853 quis
1007 3779 1056 3854 Β.)
1073 3801 1134 3837 eam
1151 3789 1251 3838 murno
1268 3783 1353 3836 corde
1373 3783 1502 3846 cantabit,
1517 3799 1582 3836 cum
1599 3785 1662 3851 ipso
1680 3781 1734 3834 deo
1751 3788 1809 3850 agit
1827 3785 1862 3836 de
1880 3802 1947 3852 que·

511 3905 624 3958 cunque
648 3891 813 3942 necestitate
840 3891 899 3942 rite
922 3889 1061 3955 presentis
1085 3897 1115 3939 et
1138 3884 1245 3940 lutura·
1297 3883 1354 3940 Sed
1378 3885 1521 3953 quomodo
1547 3895 1642 3954 potest
1658 3885 1761 3952 aliquis
1780 3884 1893 3938 devotas
1911 3885 1945 3938 ad

512 3993 595 4044 deum
612 4005 708 4060 preces
727 3985 883 4052 effundere,
900 3993 951 4056 qut
968 4003 1027 4040 non
1044 3986 1129 4040 babet
1146 3991 1246 4042 intime
1264 3999 1368 4040 rectem
1384 3985 1470 4040 iidem
1487 3992 1519 4040 in
1537 3987 1594 4040 eoi
1611 3985 1675 4039 Non
1692 3983 1778 4038 habet
1795 4001 1861 4039 sana
1880 3999 1945 4055 post

510 4095 659 4146 tramitum
684 4091 746 4160 ejus
771 4093 935 4158 petitionem
960 4094 1134 4158 (porcionem
1150 4087 1194 4150 B.)
1212 4089 1335 4156 aliquem
1352 4105 1417 4144 cum
1434 4089 1594 4142 christianis
1611 4091 1643 4140 in
1661 4094 1759 4156 requie
1776 4099 1944 4142 sauctorum.

380 4205 385 4214 ·
455 4239 458 4244 .
512 4193 572 4248 Nee
599 4203 691 4246 ceneta
717 4194 914 4246 communione
937 4190 1041 4258 ,dignus
1058 4201 1115 4254 est,
1149 4205 1202 4243 nec
1220 4205 1287 4242 rere
1298 4189 1475 4242 christianus
1492 4187 1656 4256 habendus,
1690 4194 1741 4258 qui
1758 4205 1816 4242 non
1832 4191 1895 4244 vult
1912 4207 1944 4244 ee

512 4295 590 4365 (eam
608 4291 657 4364 Β.)
675 4295 801 4358 discere,
818 4308 871 4346 nec
887 4292 922 4346 ad
940 4307 1005 4345 enm
1021 4293 1096 4360 juste
1114 4295 1245 4360 pertinet,
1264 4291 1387 4358 aliquem
1404 4294 1435 4341 in
1453 4300 1548 4342 sancto
1566 4287 1703 4358 baptismo
1721 4297 1873 4360 suscipere,
1891 4307 1944 4344 nec

512 4395 555 4466 (S.
574 4397 639 4452 add.
657 4396 685 4465 a)
705 4395 832 4450 menibus
849 4393 899 4465 (ad
916 4409 1015 4448 manns
1032 4391 1078 4462 Β.)
1105 4397 1230 4463 episcopi
1254 4393 1286 4444 in
1309 4389 1523 4444 confirmatione
1543 4403 1572 4444 et
1590 4391 1703 4446 datione
1721 4397 1837 4462 spiritus
1854 4399 1943 4446 senui

512 4499 558 4568 (B.
575 4497 643 4556 odd.
660 4503 785 4567 tencre),
803 4509 951 4567 antequam
967 4495 1040 4551 bene
1057 4500 1127 4550 suat
1142 4511 1175 4550 ss
1192 4491 1271 4563 (cem
1286 4490 1336 4563 Β.)
1353 4491 1389 4546 D.
1403 4489 1435 4547 Β.
1453 4487 1484 4546 S.
