<?xml version="1.0" encoding="UTF-8"?>
<!DOCTYPE html PUBLIC "-//W3C//DTD XHTML 1.0 Transitional//EN"
    "http://www.w3.org/TR/xhtml1/DTD/xhtml1-transitional.dtd">
<html xmlns="http://www.w3.org/1999/xhtml" xml:lang="en" lang="en">
 <head>
  <title>
</title>
<meta http-equiv="Content-Type" content="text/html;charset=utf-8" />
  <meta name='ocr-system' content='tesseract 3.04.00' />
  <meta name='ocr-capabilities' content='ocr_page ocr_carea ocr_par ocr_line ocrx_word'/>
</head>
<body>
  <div class='ocr_page' id='page_1' title='image "./legumregiscanut00britgoog/legumregiscanut00britgoog_0018.png"; bbox 0 0 4368 5222; ppageno 0'>
   <div class='ocr_carea' id='block_1_1' title="bbox 438 561 505 616">
    <p class='ocr_par' dir='ltr' id='par_1_1' title="bbox 438 561 505 616">
     <span class='ocr_line' id='line_1_1' title="bbox 438 561 505 616; baseline 0 0"><span class='ocrx_word' id='word_1_1' title='bbox 438 561 505 616; x_wconf 73' lang='grc' dir='ltr'><strong>ΧΗ</strong></span> 
     </span>
    </p>
   </div>
   <div class='ocr_carea' id='block_1_2' title="bbox 291 744 1973 4400">
    <p class='ocr_par' dir='ltr' id='par_1_2' title="bbox 382 744 1961 1598">
     <span class='ocr_line' id='line_1_2' title="bbox 386 744 1960 842; baseline 0.004 -28"><span class='ocrx_word' id='word_1_2' title='bbox 386 748 561 829; x_wconf 88' lang='lat' dir='ltr'><strong>diversum,</strong></span> <span class='ocrx_word' id='word_1_3' title='bbox 586 763 783 816; x_wconf 75' lang='lat' dir='ltr'><strong>tamennon</strong></span> <span class='ocrx_word' id='word_1_4' title='bbox 802 744 1306 820; x_wconf 57' lang='lat' dir='ltr'><strong>&#39;omnino&#39;*eundem‘exbibeant</strong></span> <span class='ocrx_word' id='word_1_5' title='bbox 1355 749 1469 842; x_wconf 86' lang='lat' dir='ltr'><strong>Quare</strong></span> <span class='ocrx_word' id='word_1_6' title='bbox 1487 750 1653 821; x_wconf 86' lang='lat' dir='ltr'><strong>interdum</strong></span> <span class='ocrx_word' id='word_1_7' title='bbox 1673 773 1804 821; x_wconf 87' lang='lat' dir='ltr'><strong>necesse</strong></span> <span class='ocrx_word' id='word_1_8' title='bbox 1827 751 1899 834; x_wconf 80' lang='lat' dir='ltr'><strong>luit,</strong></span> <span class='ocrx_word' id='word_1_9' title='bbox 1923 768 1960 820; x_wconf 89' lang='lat' dir='ltr'><strong>ut</strong></span> 
     </span>
     <span class='ocr_line' id='line_1_3' title="bbox 385 849 1958 952; baseline 0.004 -31"><span class='ocrx_word' id='word_1_10' title='bbox 385 857 510 938; x_wconf 83' lang='lat' dir='ltr'><strong>integra</strong></span> <span class='ocrx_word' id='word_1_11' title='bbox 541 857 646 944; x_wconf 88' lang='lat' dir='ltr'><strong>capita</strong></span> <span class='ocrx_word' id='word_1_12' title='bbox 675 861 892 944; x_wconf 79' lang='lat' dir='ltr'>exscriberem</span> <span class='ocrx_word' id='word_1_13' title='bbox 922 879 1017 948; x_wconf 90' lang='lat' dir='ltr'><strong>atque</strong></span> <span class='ocrx_word' id='word_1_14' title='bbox 1048 849 1082 924; x_wconf 92' lang='lat' dir='ltr'><strong>in</strong></span> <span class='ocrx_word' id='word_1_15' title='bbox 1105 861 1190 924; x_wconf 89' lang='lat' dir='ltr'><strong>notis</strong></span> <span class='ocrx_word' id='word_1_16' title='bbox 1212 857 1380 943; x_wconf 82' lang='lat' dir='ltr'><strong>afferrem3</strong></span> <span class='ocrx_word' id='word_1_17' title='bbox 1424 859 1495 928; x_wconf 87' lang='lat' dir='ltr'><strong>aliis</strong></span> <span class='ocrx_word' id='word_1_18' title='bbox 1518 859 1600 928; x_wconf 93' lang='lat' dir='ltr'><strong>locis</strong></span> <span class='ocrx_word' id='word_1_19' title='bbox 1624 861 1840 942; x_wconf 83' lang='lat' dir='ltr'><strong>differentias,</strong></span> <span class='ocrx_word' id='word_1_20' title='bbox 1885 885 1958 952; x_wconf 80' lang='lat' dir='ltr'><strong>quaa</strong></span> 
     </span>
     <span class='ocr_line' id='line_1_4' title="bbox 385 964 1958 1060; baseline 0.006 -34"><span class='ocrx_word' id='word_1_21' title='bbox 385 964 522 1027; x_wconf 87' lang='lat' dir='ltr'><strong>minoris</strong></span> <span class='ocrx_word' id='word_1_22' title='bbox 544 985 610 1028; x_wconf 88' lang='lat' dir='ltr'><strong>esse</strong></span> <span class='ocrx_word' id='word_1_23' title='bbox 631 969 786 1032; x_wconf 85' lang='lat' dir='ltr'><strong>momenti</strong></span> <span class='ocrx_word' id='word_1_24' title='bbox 811 970 891 1032; x_wconf 87' lang='lat' dir='ltr'><strong>mibi</strong></span> <span class='ocrx_word' id='word_1_25' title='bbox 916 967 1123 1046; x_wconf 84' lang='lat' dir='ltr'><strong>viderentur,</strong></span> <span class='ocrx_word' id='word_1_26' title='bbox 1164 968 1290 1034; x_wconf 87' lang='lat' dir='ltr'><strong>silentio</strong></span> <span class='ocrx_word' id='word_1_27' title='bbox 1313 970 1477 1058; x_wconf 65' lang='lat' dir='ltr'><strong>prateriis</strong></span> <span class='ocrx_word' id='word_1_28' title='bbox 1512 969 1663 1060; x_wconf 88' lang='lat' dir='ltr'><strong>quodsi</strong></span> <span class='ocrx_word' id='word_1_29' title='bbox 1654 993 1689 1034; x_wconf 91' lang='grc' dir='ltr'><strong>ιιι</strong></span> <span class='ocrx_word' id='word_1_30' title='bbox 1710 970 1759 1036; x_wconf 90' lang='lat' dir='ltr'><strong>bis</strong></span> <span class='ocrx_word' id='word_1_31' title='bbox 1782 965 1882 1035; x_wconf 86' lang='lat' dir='ltr'><strong>aliis</strong></span> <span class='ocrx_word' id='word_1_32' title='bbox 1873 987 1958 1055; x_wconf 83' lang='lat' dir='ltr'><strong>Justo</strong></span> 
     </span>
     <span class='ocr_line' id='line_1_5' title="bbox 385 1053 1959 1168; baseline 0.006 -37"><span class='ocrx_word' id='word_1_33' title='bbox 385 1071 504 1153; x_wconf 83' lang='lat' dir='ltr'><strong>majus,</strong></span> <span class='ocrx_word' id='word_1_34' title='bbox 528 1069 597 1133; x_wconf 91' lang='lat' dir='ltr'><strong>aliis</strong></span> <span class='ocrx_word' id='word_1_35' title='bbox 618 1053 753 1138; x_wconf 81' lang='lat' dir='ltr'><strong>forsitan</strong></span> <span class='ocrx_word' id='word_1_36' title='bbox 769 1077 883 1138; x_wconf 89' lang='lat' dir='ltr'><strong>minus</strong></span> <span class='ocrx_word' id='word_1_37' title='bbox 904 1074 1092 1164; x_wconf 73' lang='lat' dir='ltr'><strong>praestitisse</strong></span> <span class='ocrx_word' id='word_1_38' title='bbox 1114 1075 1245 1154; x_wconf 88' lang='lat' dir='ltr'><strong>videar,</strong></span> <span class='ocrx_word' id='word_1_39' title='bbox 1266 1101 1335 1144; x_wconf 91' lang='lat' dir='ltr'><strong>non</strong></span> <span class='ocrx_word' id='word_1_40' title='bbox 1359 1077 1527 1158; x_wconf 70' lang='lat' dir='ltr'><strong>mirabor,</strong></span> <span class='ocrx_word' id='word_1_41' title='bbox 1558 1080 1614 1168; x_wconf 93' lang='lat' dir='ltr'><strong>qui</strong></span> <span class='ocrx_word' id='word_1_42' title='bbox 1633 1097 1712 1143; x_wconf 87' lang='lat' dir='ltr'><strong>vcro</strong></span> <span class='ocrx_word' id='word_1_43' title='bbox 1733 1099 1805 1144; x_wconf 86' lang='lat' dir='ltr'><strong>rem</strong></span> <span class='ocrx_word' id='word_1_44' title='bbox 1825 1099 1959 1148; x_wconf 85' lang='lat' dir='ltr'><strong>accura-</strong></span> 
     </span>
     <span class='ocr_line' id='line_1_6' title="bbox 384 1165 1961 1278; baseline 0.006 -36"><span class='ocrx_word' id='word_1_45' title='bbox 384 1178 446 1242; x_wconf 83' lang='lat' dir='ltr'><strong>tius</strong></span> <span class='ocrx_word' id='word_1_46' title='bbox 470 1196 689 1267; x_wconf 86' lang='lat' dir='ltr'><strong>perscrutatus</strong></span> <span class='ocrx_word' id='word_1_47' title='bbox 714 1178 861 1260; x_wconf 87' lang='lat' dir='ltr'><strong>suerit,</strong></span> <span class='ocrx_word' id='word_1_48' title='bbox 851 1183 1010 1258; x_wconf 77' lang='lat' dir='ltr'><strong>inveniet,</strong></span> <span class='ocrx_word' id='word_1_49' title='bbox 1036 1201 1072 1246; x_wconf 89' lang='lat' dir='ltr'><strong>ut</strong></span> <span class='ocrx_word' id='word_1_50' title='bbox 1089 1206 1202 1272; x_wconf 90' lang='lat' dir='ltr'><strong>spero,</strong></span> <span class='ocrx_word' id='word_1_51' title='bbox 1230 1208 1282 1250; x_wconf 87' lang='lat' dir='ltr'><strong>me</strong></span> <span class='ocrx_word' id='word_1_52' title='bbox 1302 1165 1390 1251; x_wconf 82' lang='lat' dir='ltr'><strong>baud</strong></span> <span class='ocrx_word' id='word_1_53' title='bbox 1412 1184 1507 1250; x_wconf 79' lang='lat' dir='ltr'><strong>facile</strong></span> <span class='ocrx_word' id='word_1_54' title='bbox 1530 1183 1656 1274; x_wconf 88' lang='lat' dir='ltr'><strong>aliquid</strong></span> <span class='ocrx_word' id='word_1_55' title='bbox 1675 1188 1839 1268; x_wconf 83' lang='lat' dir='ltr'><strong>omisisse,</strong></span> <span class='ocrx_word' id='word_1_56' title='bbox 1869 1183 1961 1278; x_wconf 87' lang='lat' dir='ltr'><strong>quod</strong></span> 
     </span>
     <span class='ocr_line' id='line_1_7' title="bbox 384 1285 1958 1382; baseline 0.007 -34"><span class='ocrx_word' id='word_1_57' title='bbox 384 1286 515 1364; x_wconf 82' lang='lat' dir='ltr'><strong>majoris</strong></span> <span class='ocrx_word' id='word_1_58' title='bbox 538 1285 696 1376; x_wconf 78' lang='lat' dir='ltr'><strong>ponderis</strong></span> <span class='ocrx_word' id='word_1_59' title='bbox 718 1305 816 1366; x_wconf 87' lang='lat' dir='ltr'><strong>essct,</strong></span> <span class='ocrx_word' id='word_1_60' title='bbox 840 1306 999 1378; x_wconf 85' lang='lat' dir='ltr'><strong>quatenus</strong></span> <span class='ocrx_word' id='word_1_61' title='bbox 1021 1314 1060 1354; x_wconf 79' lang='lat' dir='ltr'><strong>ex</strong></span> <span class='ocrx_word' id='word_1_62' title='bbox 1082 1295 1297 1382; x_wconf 74' lang='lat' dir='ltr'>apographis,</span> <span class='ocrx_word' id='word_1_63' title='bbox 1319 1315 1392 1382; x_wconf 85' lang='lat' dir='ltr'><strong>quae</strong></span> <span class='ocrx_word' id='word_1_64' title='bbox 1410 1293 1492 1358; x_wconf 88' lang='lat' dir='ltr'><strong>mibi</strong></span> <span class='ocrx_word' id='word_1_65' title='bbox 1512 1294 1554 1357; x_wconf 88' lang='lat' dir='ltr'><strong>ad</strong></span> <span class='ocrx_word' id='word_1_66' title='bbox 1576 1315 1688 1358; x_wconf 82' lang='lat' dir='ltr'><strong>manus</strong></span> <span class='ocrx_word' id='word_1_67' title='bbox 1712 1311 1820 1371; x_wconf 80' lang='lat' dir='ltr'><strong>crant,</strong></span> <span class='ocrx_word' id='word_1_68' title='bbox 1841 1311 1873 1358; x_wconf 90' lang='lat' dir='ltr'><strong>ct</strong></span> <span class='ocrx_word' id='word_1_69' title='bbox 1893 1295 1958 1358; x_wconf 91' lang='lat' dir='ltr'><strong>im-</strong></span> 
     </span>
     <span class='ocr_line' id='line_1_8' title="bbox 382 1383 1956 1490; baseline 0.006 -36"><span class='ocrx_word' id='word_1_70' title='bbox 382 1394 502 1482; x_wconf 82' lang='lat' dir='ltr'><strong>pressis</strong></span> <span class='ocrx_word' id='word_1_71' title='bbox 533 1395 717 1461; x_wconf 84' lang='lat' dir='ltr'><strong>versionum</strong></span> <span class='ocrx_word' id='word_1_72' title='bbox 746 1395 959 1473; x_wconf 80' lang='lat' dir='ltr'><strong>editionibus,</strong></span> <span class='ocrx_word' id='word_1_73' title='bbox 1007 1383 1138 1464; x_wconf 66' lang='lat' dir='ltr'><strong>haurire</strong></span> <span class='ocrx_word' id='word_1_74' title='bbox 1165 1399 1300 1466; x_wconf 88' lang='lat' dir='ltr'><strong>liceret.&#39;</strong></span> <span class='ocrx_word' id='word_1_75' title='bbox 1338 1399 1449 1466; x_wconf 78' lang='lat' dir='ltr'><strong>Facite</strong></span> <span class='ocrx_word' id='word_1_76' title='bbox 1472 1402 1581 1490; x_wconf 85' lang='lat' dir='ltr'><strong>itaque</strong></span> <span class='ocrx_word' id='word_1_77' title='bbox 1603 1399 1827 1479; x_wconf 78' lang='lat' dir='ltr'><strong>concedimus,</strong></span> <span class='ocrx_word' id='word_1_78' title='bbox 1874 1397 1956 1481; x_wconf 90' lang='lat' dir='ltr'><strong>aliis,</strong></span> 
     </span>
     <span class='ocr_line' id='line_1_9' title="bbox 383 1499 1753 1598; baseline 0.007 -34"><span class='ocrx_word' id='word_1_79' title='bbox 383 1499 502 1588; x_wconf 88' lang='lat' dir='ltr'><strong>quibus</strong></span> <span class='ocrx_word' id='word_1_80' title='bbox 527 1499 595 1567; x_wconf 92' lang='lat' dir='ltr'><strong>ad</strong></span> <span class='ocrx_word' id='word_1_81' title='bbox 586 1527 674 1592; x_wconf 75' lang='lat' dir='ltr'><strong>ipsos</strong></span> <span class='ocrx_word' id='word_1_82' title='bbox 694 1503 822 1569; x_wconf 87' lang='lat' dir='ltr'><strong>codices</strong></span> <span class='ocrx_word' id='word_1_83' title='bbox 846 1502 952 1568; x_wconf 87' lang='lat' dir='ltr'><strong>aditus</strong></span> <span class='ocrx_word' id='word_1_84' title='bbox 974 1507 1113 1593; x_wconf 88' lang='lat' dir='ltr'><strong>patebit,</strong></span> <span class='ocrx_word' id='word_1_85' title='bbox 1145 1533 1282 1574; x_wconf 79' lang='lat' dir='ltr'><strong>messem</strong></span> <span class='ocrx_word' id='word_1_86' title='bbox 1301 1505 1487 1593; x_wconf 82' lang='lat' dir='ltr'><strong>largiorem</strong></span> <span class='ocrx_word' id='word_1_87' title='bbox 1499 1509 1627 1576; x_wconf 85' lang='lat' dir='ltr'><strong>evenire</strong></span> <span class='ocrx_word' id='word_1_88' title='bbox 1648 1532 1753 1598; x_wconf 89' lang='lat' dir='ltr'><strong>posse</strong></span> 
     </span>
    </p>

    <p class='ocr_par' dir='ltr' id='par_1_3' title="bbox 319 1609 1973 3214">
     <span class='ocr_line' id='line_1_10' title="bbox 513 1609 1956 1704; baseline 0.001 -26"><span class='ocrx_word' id='word_1_89' title='bbox 513 1609 710 1680; x_wconf 86' lang='lat' dir='ltr'><strong>Addidimus</strong></span> <span class='ocrx_word' id='word_1_90' title='bbox 732 1637 834 1703; x_wconf 86' lang='lat' dir='ltr'><strong>porro</strong></span> <span class='ocrx_word' id='word_1_91' title='bbox 858 1635 931 1678; x_wconf 89' lang='lat' dir='ltr'><strong>eum</strong></span> <span class='ocrx_word' id='word_1_92' title='bbox 956 1629 1077 1678; x_wconf 81' lang='lat' dir='ltr'><strong>textum</strong></span> <span class='ocrx_word' id='word_1_93' title='bbox 1099 1617 1235 1704; x_wconf 86' lang='lat' dir='ltr'><strong>Anglo-</strong></span> <span class='ocrx_word' id='word_1_94' title='bbox 1241 1616 1438 1694; x_wconf 75' lang='lat' dir='ltr'><strong>Saxonicum</strong></span> <span class='ocrx_word' id='word_1_95' title='bbox 1460 1615 1568 1704; x_wconf 82' lang='lat' dir='ltr'><strong>legum</strong></span> <span class='ocrx_word' id='word_1_96' title='bbox 1590 1619 1708 1682; x_wconf 89' lang='lat' dir='ltr'><strong>Canuti</strong></span> <span class='ocrx_word' id='word_1_97' title='bbox 1729 1639 1803 1681; x_wconf 90' lang='lat' dir='ltr'><strong>cum</strong></span> <span class='ocrx_word' id='word_1_98' title='bbox 1825 1615 1956 1682; x_wconf 89' lang='lat' dir='ltr'><strong>varian-</strong></span> 
     </span>
     <span class='ocr_line' id='line_1_11' title="bbox 387 1721 1957 1810; baseline 0.003 -27"><span class='ocrx_word' id='word_1_99' title='bbox 387 1721 492 1804; x_wconf 87' lang='lat' dir='ltr'><strong>tibus,</strong></span> <span class='ocrx_word' id='word_1_100' title='bbox 536 1746 638 1810; x_wconf 89' lang='lat' dir='ltr'><strong>quem</strong></span> <span class='ocrx_word' id='word_1_101' title='bbox 660 1721 764 1784; x_wconf 84' lang='lat' dir='ltr'><strong>edidit</strong></span> <span class='ocrx_word' id='word_1_102' title='bbox 787 1721 887 1784; x_wconf 88' lang='lat' dir='ltr'><strong>celeb.</strong></span> <span class='ocrx_word' id='word_1_103' title='bbox 912 1722 1129 1788; x_wconf 69' lang='lat' dir='ltr'><strong>Willis-sius</strong></span> <span class='ocrx_word' id='word_1_104' title='bbox 1184 1727 1278 1790; x_wconf 89' lang='lat' dir='ltr'><strong>Hunc</strong></span> <span class='ocrx_word' id='word_1_105' title='bbox 1301 1743 1423 1788; x_wconf 83' lang='lat' dir='ltr'><strong>textum</strong></span> <span class='ocrx_word' id='word_1_106' title='bbox 1445 1724 1618 1790; x_wconf 87' lang='lat' dir='ltr'><strong>emendare</strong></span> <span class='ocrx_word' id='word_1_107' title='bbox 1637 1740 1691 1787; x_wconf 90' lang='lat' dir='ltr'><strong>ant</strong></span> <span class='ocrx_word' id='word_1_108' title='bbox 1711 1725 1803 1789; x_wconf 86' lang='lat' dir='ltr'><strong>novis</strong></span> <span class='ocrx_word' id='word_1_109' title='bbox 1825 1722 1957 1808; x_wconf 81' lang='lat' dir='ltr'><strong>adjectis</strong></span> 
     </span>
     <span class='ocr_line' id='line_1_12' title="bbox 381 1826 1957 1922; baseline 0.001 -28"><span class='ocrx_word' id='word_1_110' title='bbox 381 1830 579 1896; x_wconf 86' lang='lat' dir='ltr'><strong>variantibus</strong></span> <span class='ocrx_word' id='word_1_111' title='bbox 600 1826 782 1904; x_wconf 84' lang='lat' dir='ltr'><strong>illustrare,</strong></span> <span class='ocrx_word' id='word_1_112' title='bbox 824 1829 929 1892; x_wconf 82' lang='lat' dir='ltr'><strong>nostri</strong></span> <span class='ocrx_word' id='word_1_113' title='bbox 951 1851 1018 1894; x_wconf 93' lang='lat' dir='ltr'><strong>non</strong></span> <span class='ocrx_word' id='word_1_114' title='bbox 1040 1845 1124 1908; x_wconf 89' lang='lat' dir='ltr'><strong>erat,</strong></span> <span class='ocrx_word' id='word_1_115' title='bbox 1161 1853 1263 1918; x_wconf 88' lang='lat' dir='ltr'><strong>quum</strong></span> <span class='ocrx_word' id='word_1_116' title='bbox 1282 1853 1342 1894; x_wconf 91' lang='lat' dir='ltr'><strong>nec</strong></span> <span class='ocrx_word' id='word_1_117' title='bbox 1365 1832 1406 1897; x_wconf 93' lang='lat' dir='ltr'><strong>ad</strong></span> <span class='ocrx_word' id='word_1_118' title='bbox 1426 1827 1555 1896; x_wconf 88' lang='lat' dir='ltr'><strong>codices</strong></span> <span class='ocrx_word' id='word_1_119' title='bbox 1577 1829 1680 1894; x_wconf 83' lang='lat' dir='ltr'><strong>aditus</strong></span> <span class='ocrx_word' id='word_1_120' title='bbox 1704 1833 1798 1895; x_wconf 90' lang='lat' dir='ltr'><strong>nobis</strong></span> <span class='ocrx_word' id='word_1_121' title='bbox 1821 1847 1957 1922; x_wconf 87' lang='lat' dir='ltr'><strong>pateret,</strong></span> 
     </span>
     <span class='ocr_line' id='line_1_13' title="bbox 382 1931 1956 2026; baseline 0.001 -26"><span class='ocrx_word' id='word_1_122' title='bbox 382 1955 443 2000; x_wconf 85' lang='lat' dir='ltr'><strong>nec</strong></span> <span class='ocrx_word' id='word_1_123' title='bbox 469 1937 601 2016; x_wconf 82' lang='lat' dir='ltr'><strong>exigua,</strong></span> <span class='ocrx_word' id='word_1_124' title='bbox 645 1958 709 2022; x_wconf 87' lang='lat' dir='ltr'><strong>qna</strong></span> <span class='ocrx_word' id='word_1_125' title='bbox 741 1933 935 2016; x_wconf 82' lang='lat' dir='ltr'><strong>gaudemus,</strong></span> <span class='ocrx_word' id='word_1_126' title='bbox 981 1931 1096 2020; x_wconf 79' lang='lat' dir='ltr'><strong>linguae</strong></span> <span class='ocrx_word' id='word_1_127' title='bbox 1121 1933 1431 2022; x_wconf 82' lang='lat' dir='ltr'><strong>Anglo-Saxonicae</strong></span> <span class='ocrx_word' id='word_1_128' title='bbox 1460 1937 1577 2026; x_wconf 79' lang='lat' dir='ltr'><strong>peritia</strong></span> <span class='ocrx_word' id='word_1_129' title='bbox 1610 1935 1665 1999; x_wconf 91' lang='lat' dir='ltr'><strong>tali</strong></span> <span class='ocrx_word' id='word_1_130' title='bbox 1692 1937 1856 2006; x_wconf 81' lang='lat' dir='ltr'><strong>conamini</strong></span> <span class='ocrx_word' id='word_1_131' title='bbox 1886 1935 1956 2002; x_wconf 89' lang='lat' dir='ltr'><strong>ullo</strong></span> 
     </span>
     <span class='ocr_line' id='line_1_14' title="bbox 382 2029 1956 2134; baseline 0.001 -28"><span class='ocrx_word' id='word_1_132' title='bbox 382 2039 482 2108; x_wconf 90' lang='lat' dir='ltr'><strong>modo</strong></span> <span class='ocrx_word' id='word_1_133' title='bbox 502 2042 675 2110; x_wconf 86' lang='lat' dir='ltr'><strong>sufficeret.</strong></span> <span class='ocrx_word' id='word_1_134' title='bbox 723 2040 824 2130; x_wconf 89' lang='lat' dir='ltr'><strong>Quod</strong></span> <span class='ocrx_word' id='word_1_135' title='bbox 844 2029 928 2108; x_wconf 73' lang='lat' dir='ltr'><strong>‹tum&#39;</strong></span> <span class='ocrx_word' id='word_1_136' title='bbox 943 2041 1012 2108; x_wconf 89' lang='lat' dir='ltr'><strong>aliis</strong></span> <span class='ocrx_word' id='word_1_137' title='bbox 1033 2043 1273 2132; x_wconf 82' lang='lat' dir='ltr'><strong>perficiendum</strong></span> <span class='ocrx_word' id='word_1_138' title='bbox 1295 2039 1505 2134; x_wconf 88' lang='lat' dir='ltr'><strong>reliquimus,</strong></span> <span class='ocrx_word' id='word_1_139' title='bbox 1530 2045 1586 2134; x_wconf 91' lang='lat' dir='ltr'><strong>qui</strong></span> <span class='ocrx_word' id='word_1_140' title='bbox 1606 2061 1637 2110; x_wconf 88' lang='lat' dir='ltr'><strong>ct</strong></span> <span class='ocrx_word' id='word_1_141' title='bbox 1657 2043 1775 2126; x_wconf 73' lang='lat' dir='ltr'><strong>linguas</strong></span> <span class='ocrx_word' id='word_1_142' title='bbox 1794 2061 1827 2108; x_wconf 89' lang='lat' dir='ltr'><strong>et</strong></span> <span class='ocrx_word' id='word_1_143' title='bbox 1824 2037 1956 2126; x_wconf 83' lang='lat' dir='ltr'><strong>legum</strong></span> 
     </span>
     <span class='ocr_line' id='line_1_15' title="bbox 381 2148 1958 2245; baseline 0 -29"><span class='ocrx_word' id='word_1_144' title='bbox 381 2148 675 2232; x_wconf 77' lang='lat' dir='ltr'><strong>Aegle-Saxonum</strong></span> <span class='ocrx_word' id='word_1_145' title='bbox 692 2153 889 2245; x_wconf 78' lang='lat' dir='ltr'><strong>peritiorem</strong></span> <span class='ocrx_word' id='word_1_146' title='bbox 908 2152 1048 2216; x_wconf 89' lang='lat' dir='ltr'><strong>babeant</strong></span> <span class='ocrx_word' id='word_1_147' title='bbox 1070 2153 1308 2236; x_wconf 77' lang='lat' dir='ltr'><strong>cognitionem,</strong></span> <span class='ocrx_word' id='word_1_148' title='bbox 1347 2176 1416 2217; x_wconf 90' lang='lat' dir='ltr'><strong>nou</strong></span> <span class='ocrx_word' id='word_1_149' title='bbox 1436 2167 1543 2216; x_wconf 87' lang='lat' dir='ltr'><strong>tamen</strong></span> <span class='ocrx_word' id='word_1_150' title='bbox 1566 2153 1630 2216; x_wconf 88' lang='lat' dir='ltr'><strong>suis</strong></span> <span class='ocrx_word' id='word_1_151' title='bbox 1649 2149 1728 2216; x_wconf 92' lang='lat' dir='ltr'><strong>loeis</strong></span> <span class='ocrx_word' id='word_1_152' title='bbox 1751 2148 1958 2217; x_wconf 84' lang='lat' dir='ltr'><strong>animadver-</strong></span> 
     </span>
     <span class='ocr_line' id='line_1_16' title="bbox 382 2244 1956 2349; baseline 0.002 -28"><span class='ocrx_word' id='word_1_153' title='bbox 382 2273 451 2324; x_wconf 88' lang='lat' dir='ltr'><strong>tere</strong></span> <span class='ocrx_word' id='word_1_154' title='bbox 480 2261 662 2340; x_wconf 90' lang='lat' dir='ltr'><strong>omisimus,</strong></span> <span class='ocrx_word' id='word_1_155' title='bbox 696 2259 762 2349; x_wconf 85' lang='lat' dir='ltr'><strong>¹ubi</strong></span> <span class='ocrx_word' id='word_1_156' title='bbox 794 2277 896 2324; x_wconf 84' lang='lat' dir='ltr'><strong>textus</strong></span> <span class='ocrx_word' id='word_1_157' title='bbox 925 2255 1059 2342; x_wconf 81' lang='lat' dir='ltr'><strong>Anglo·</strong></span> <span class='ocrx_word' id='word_1_158' title='bbox 1070 2244 1247 2326; x_wconf 80' lang='lat' dir='ltr'><strong>saxonicus</strong></span> <span class='ocrx_word' id='word_1_159' title='bbox 1278 2285 1295 2324; x_wconf 89' lang='lat' dir='ltr'><strong>a</strong></span> <span class='ocrx_word' id='word_1_160' title='bbox 1323 2261 1473 2326; x_wconf 85' lang='lat' dir='ltr'><strong>versione</strong></span> <span class='ocrx_word' id='word_1_161' title='bbox 1502 2257 1623 2325; x_wconf 89' lang='lat' dir='ltr'><strong>codicis</strong></span> <span class='ocrx_word' id='word_1_162' title='bbox 1648 2259 1830 2324; x_wconf 88' lang='lat' dir='ltr'><strong>Colbertini</strong></span> <span class='ocrx_word' id='word_1_163' title='bbox 1861 2257 1956 2327; x_wconf 86' lang='lat' dir='ltr'><strong>valde</strong></span> 
     </span>
     <span class='ocr_line' id='line_1_17' title="bbox 382 2363 1956 2462; baseline -0.001 -30"><span class='ocrx_word' id='word_1_164' title='bbox 382 2367 561 2460; x_wconf 85' lang='lat' dir='ltr'><strong>discrepet,</strong></span> <span class='ocrx_word' id='word_1_165' title='bbox 594 2391 751 2462; x_wconf 83' lang='lat' dir='ltr'><strong>necnon</strong></span> <span class='ocrx_word' id='word_1_166' title='bbox 779 2367 960 2450; x_wconf 90' lang='lat' dir='ltr'><strong>interdum,</strong></span> <span class='ocrx_word' id='word_1_167' title='bbox 987 2369 1045 2434; x_wconf 90' lang='lat' dir='ltr'><strong>ubi</strong></span> <span class='ocrx_word' id='word_1_168' title='bbox 1075 2370 1180 2436; x_wconf 90' lang='lat' dir='ltr'><strong>versio</strong></span> <span class='ocrx_word' id='word_1_169' title='bbox 1202 2365 1418 2436; x_wconf 82' lang='lat' dir='ltr'><strong>Willtinsiana</strong></span> <span class='ocrx_word' id='word_1_170' title='bbox 1440 2369 1559 2458; x_wconf 86' lang='lat' dir='ltr'><strong>apertis</strong></span> <span class='ocrx_word' id='word_1_171' title='bbox 1583 2367 1666 2433; x_wconf 89' lang='lat' dir='ltr'><strong>vitiis</strong></span> <span class='ocrx_word' id='word_1_172' title='bbox 1687 2363 1837 2432; x_wconf 76' lang='lat' dir='ltr'><strong>laborme</strong></span> <span class='ocrx_word' id='word_1_173' title='bbox 1860 2365 1956 2432; x_wconf 91' lang='lat' dir='ltr'><strong>nobis</strong></span> 
     </span>
     <span class='ocr_line' id='line_1_18' title="bbox 382 2467 1957 2566; baseline 0.002 -28"><span class='ocrx_word' id='word_1_174' title='bbox 382 2477 450 2540; x_wconf 89' lang='lat' dir='ltr'><strong>visa</strong></span> <span class='ocrx_word' id='word_1_175' title='bbox 474 2475 563 2563; x_wconf 89' lang='lat' dir='ltr'><strong>sit.*)</strong></span> <span class='ocrx_word' id='word_1_176' title='bbox 613 2478 773 2542; x_wconf 82' lang='lat' dir='ltr'><strong>Caeterum</strong></span> <span class='ocrx_word' id='word_1_177' title='bbox 795 2475 931 2542; x_wconf 89' lang='lat' dir='ltr'><strong>lectores</strong></span> <span class='ocrx_word' id='word_1_178' title='bbox 954 2479 1096 2544; x_wconf 89' lang='lat' dir='ltr'><strong>monitos</strong></span> <span class='ocrx_word' id='word_1_179' title='bbox 1120 2501 1187 2544; x_wconf 90' lang='lat' dir='ltr'><strong>esse</strong></span> <span class='ocrx_word' id='word_1_180' title='bbox 1211 2476 1324 2558; x_wconf 91' lang='lat' dir='ltr'><strong>velim,</strong></span> <span class='ocrx_word' id='word_1_181' title='bbox 1366 2475 1516 2543; x_wconf 87' lang='lat' dir='ltr'><strong>ordinem</strong></span> <span class='ocrx_word' id='word_1_182' title='bbox 1539 2478 1682 2566; x_wconf 91' lang='lat' dir='ltr'><strong>capitum</strong></span> <span class='ocrx_word' id='word_1_183' title='bbox 1706 2491 1808 2542; x_wconf 84' lang='lat' dir='ltr'><strong>textus</strong></span> <span class='ocrx_word' id='word_1_184' title='bbox 1829 2467 1957 2560; x_wconf 85' lang='lat' dir='ltr'><strong>Anglo-</strong></span> 
     </span>
     <span class='ocr_line' id='line_1_19' title="bbox 382 2579 1973 2675; baseline 0.003 -30"><span class='ocrx_word' id='word_1_185' title='bbox 382 2579 533 2648; x_wconf 83' lang='lat' dir='ltr'><strong>Saxonici</strong></span> <span class='ocrx_word' id='word_1_186' title='bbox 562 2585 769 2648; x_wconf 89' lang='lat' dir='ltr'><strong>interduma</strong></span> <span class='ocrx_word' id='word_1_187' title='bbox 793 2607 845 2648; x_wconf 89' lang='lat' dir='ltr'><strong>me</strong></span> <span class='ocrx_word' id='word_1_188' title='bbox 868 2603 1135 2666; x_wconf 58' lang='lat' dir='ltr'><strong>mutatomvesse,</strong></span> <span class='ocrx_word' id='word_1_189' title='bbox 1171 2588 1295 2675; x_wconf 85' lang='lat' dir='ltr'><strong>quippe</strong></span> <span class='ocrx_word' id='word_1_190' title='bbox 1318 2607 1421 2674; x_wconf 86' lang='lat' dir='ltr'><strong>quum</strong></span> <span class='ocrx_word' id='word_1_191' title='bbox 1443 2609 1511 2652; x_wconf 92' lang='lat' dir='ltr'><strong>nou</strong></span> <span class='ocrx_word' id='word_1_192' title='bbox 1534 2586 1669 2652; x_wconf 91' lang='lat' dir='ltr'><strong>omnino</strong></span> <span class='ocrx_word' id='word_1_193' title='bbox 1690 2585 1861 2671; x_wconf 77' lang='lat' dir='ltr'><strong>cenvcniat</strong></span> <span class='ocrx_word' id='word_1_194' title='bbox 1882 2579 1973 2649; x_wconf 85' lang='lat' dir='ltr'><strong>cum</strong></span> 
     </span>
     <span class='ocr_line' id='line_1_20' title="bbox 384 2685 1956 2782; baseline 0 -26"><span class='ocrx_word' id='word_1_195' title='bbox 384 2691 535 2756; x_wconf 88' lang='lat' dir='ltr'><strong>versione</strong></span> <span class='ocrx_word' id='word_1_196' title='bbox 569 2685 690 2757; x_wconf 89' lang='lat' dir='ltr'><strong>codicis</strong></span> <span class='ocrx_word' id='word_1_197' title='bbox 712 2691 911 2771; x_wconf 77' lang='lat' dir='ltr'><strong>colbertini,</strong></span> <span class='ocrx_word' id='word_1_198' title='bbox 959 2696 1047 2776; x_wconf 86' lang='lat' dir='ltr'><strong>cujus</strong></span> <span class='ocrx_word' id='word_1_199' title='bbox 1071 2710 1252 2756; x_wconf 79' lang='lat' dir='ltr'><strong>accuratam</strong></span> <span class='ocrx_word' id='word_1_200' title='bbox 1272 2692 1448 2768; x_wconf 84' lang='lat' dir='ltr'><strong>editionem</strong></span> <span class='ocrx_word' id='word_1_201' title='bbox 1472 2695 1638 2780; x_wconf 79' lang='lat' dir='ltr'><strong>precipue</strong></span> <span class='ocrx_word' id='word_1_202' title='bbox 1663 2694 1809 2780; x_wconf 79' lang='lat' dir='ltr'><strong>respexi3</strong></span> <span class='ocrx_word' id='word_1_203' title='bbox 1851 2693 1956 2782; x_wconf 85' lang='lat' dir='ltr'><strong>capita</strong></span> 
     </span>
     <span class='ocr_line' id='line_1_21' title="bbox 381 2793 1956 2888; baseline -0.001 -26"><span class='ocrx_word' id='word_1_204' title='bbox 381 2793 505 2886; x_wconf 88' lang='lat' dir='ltr'><strong>duplici</strong></span> <span class='ocrx_word' id='word_1_205' title='bbox 526 2799 623 2880; x_wconf 87' lang='lat' dir='ltr'><strong>igitur</strong></span> <span class='ocrx_word' id='word_1_206' title='bbox 649 2821 786 2865; x_wconf 86' lang='lat' dir='ltr'><strong>numero</strong></span> <span class='ocrx_word' id='word_1_207' title='bbox 808 2800 965 2876; x_wconf 85' lang='lat' dir='ltr'><strong>instruxi,</strong></span> <span class='ocrx_word' id='word_1_208' title='bbox 1006 2821 1147 2888; x_wconf 87' lang='lat' dir='ltr'><strong>quorum</strong></span> <span class='ocrx_word' id='word_1_209' title='bbox 1172 2799 1270 2876; x_wconf 88' lang='lat' dir='ltr'><strong>alter,</strong></span> <span class='ocrx_word' id='word_1_210' title='bbox 1298 2797 1485 2888; x_wconf 87' lang='lat' dir='ltr'><strong>parenthesi</strong></span> <span class='ocrx_word' id='word_1_211' title='bbox 1505 2795 1664 2874; x_wconf 89' lang='lat' dir='ltr'><strong>inclusus,</strong></span> <span class='ocrx_word' id='word_1_212' title='bbox 1690 2796 1839 2861; x_wconf 87' lang='lat' dir='ltr'><strong>ordinem</strong></span> <span class='ocrx_word' id='word_1_213' title='bbox 1863 2801 1956 2886; x_wconf 86' lang='lat' dir='ltr'><strong>capi-</strong></span> 
     </span>
     <span class='ocr_line' id='line_1_22' title="bbox 382 2901 1956 2996; baseline -0.001 -26"><span class='ocrx_word' id='word_1_214' title='bbox 382 2921 450 2970; x_wconf 89' lang='lat' dir='ltr'><strong>tum</strong></span> <span class='ocrx_word' id='word_1_215' title='bbox 474 2906 508 2970; x_wconf 91' lang='lat' dir='ltr'><strong>in</strong></span> <span class='ocrx_word' id='word_1_216' title='bbox 532 2905 674 2972; x_wconf 88' lang='lat' dir='ltr'><strong>editione</strong></span> <span class='ocrx_word' id='word_1_217' title='bbox 698 2906 913 2978; x_wconf 83' lang='lat' dir='ltr'><strong>Wilkinsiana</strong></span> <span class='ocrx_word' id='word_1_218' title='bbox 929 2904 1080 2972; x_wconf 85' lang='lat' dir='ltr'><strong>ostendit.</strong></span> <span class='ocrx_word' id='word_1_219' title='bbox 1148 2905 1310 2974; x_wconf 87' lang='lat' dir='ltr'><strong>Nonnulla</strong></span> <span class='ocrx_word' id='word_1_220' title='bbox 1331 2906 1454 2996; x_wconf 92' lang='lat' dir='ltr'><strong>capita,</strong></span> <span class='ocrx_word' id='word_1_221' title='bbox 1497 2923 1569 2994; x_wconf 88' lang='lat' dir='ltr'><strong>qnae</strong></span> <span class='ocrx_word' id='word_1_222' title='bbox 1594 2903 1628 2966; x_wconf 92' lang='lat' dir='ltr'><strong>in</strong></span> <span class='ocrx_word' id='word_1_223' title='bbox 1652 2903 1801 2968; x_wconf 87' lang='lat' dir='ltr'><strong>versione</strong></span> <span class='ocrx_word' id='word_1_224' title='bbox 1823 2901 1956 2968; x_wconf 86' lang='lat' dir='ltr'><strong>deside·</strong></span> 
     </span>
     <span class='ocr_line' id='line_1_23' title="bbox 319 3009 1955 3110; baseline -0.002 -32"><span class='ocrx_word' id='word_1_225' title='bbox 319 3041 327 3052; x_wconf 85' lang='lat'>·</span> <span class='ocrx_word' id='word_1_226' title='bbox 383 3031 516 3094; x_wconf 89' lang='lat' dir='ltr'><strong>rantur,</strong></span> <span class='ocrx_word' id='word_1_227' title='bbox 562 3017 688 3082; x_wconf 86' lang='lat' dir='ltr'><strong>restitui</strong></span> <span class='ocrx_word' id='word_1_228' title='bbox 709 3015 853 3110; x_wconf 40' lang='lat' dir='ltr'><strong>ex&#39;Cod.</strong></span> <span class='ocrx_word' id='word_1_229' title='bbox 876 3018 936 3096; x_wconf 86' lang='lat' dir='ltr'><strong>D.;</strong></span> <span class='ocrx_word' id='word_1_230' title='bbox 982 3015 1195 3094; x_wconf 84' lang='lat' dir='ltr'><strong>haecautem,</strong></span> <span class='ocrx_word' id='word_1_231' title='bbox 1240 3032 1276 3079; x_wconf 91' lang='lat' dir='ltr'><strong>ut</strong></span> <span class='ocrx_word' id='word_1_232' title='bbox 1298 3014 1338 3078; x_wconf 90' lang='lat' dir='ltr'><strong>ab</strong></span> <span class='ocrx_word' id='word_1_233' title='bbox 1360 3015 1430 3103; x_wconf 92' lang='lat' dir='ltr'><strong>ipsa</strong></span> <span class='ocrx_word' id='word_1_234' title='bbox 1455 3011 1602 3078; x_wconf 90' lang='lat' dir='ltr'><strong>versione</strong></span> <span class='ocrx_word' id='word_1_235' title='bbox 1626 3009 1749 3075; x_wconf 85' lang='lat' dir='ltr'><strong>codicis</strong></span> <span class='ocrx_word' id='word_1_236' title='bbox 1772 3009 1955 3078; x_wconf 90' lang='lat' dir='ltr'><strong>Colbertini</strong></span> 
     </span>
     <span class='ocr_line' id='line_1_24' title="bbox 383 3104 1230 3214; baseline 0 -28"><span class='ocrx_word' id='word_1_237' title='bbox 383 3122 536 3208; x_wconf 83' lang='lat' dir='ltr'><strong>distingui</strong></span> <span class='ocrx_word' id='word_1_238' title='bbox 562 3141 700 3214; x_wconf 86' lang='lat' dir='ltr'><strong>queant,</strong></span> <span class='ocrx_word' id='word_1_239' title='bbox 724 3122 809 3212; x_wconf 83' lang='lat' dir='ltr'><strong>stylo</strong></span> <span class='ocrx_word' id='word_1_240' title='bbox 830 3104 950 3192; x_wconf 81' lang='lat' dir='ltr'><strong>minori</strong></span> <span class='ocrx_word' id='word_1_241' title='bbox 974 3120 1088 3188; x_wconf 87' lang='lat' dir='ltr'><strong>excudi</strong></span> <span class='ocrx_word' id='word_1_242' title='bbox 1109 3123 1230 3186; x_wconf 90' lang='lat' dir='ltr'><strong>curavi.</strong></span> 
     </span>
    </p>

    <p class='ocr_par' dir='ltr' id='par_1_4' title="bbox 291 3221 1956 4400">
     <span class='ocr_line' id='line_1_25' title="bbox 512 3221 1955 3340; baseline -0.008 -40"><span class='ocrx_word' id='word_1_243' title='bbox 512 3233 648 3300; x_wconf 86' lang='lat' dir='ltr'><strong>Notnlas</strong></span> <span class='ocrx_word' id='word_1_244' title='bbox 676 3231 808 3298; x_wconf 88' lang='lat' dir='ltr'><strong>demum</strong></span> <span class='ocrx_word' id='word_1_245' title='bbox 832 3231 886 3302; x_wconf 91' lang='lat' dir='ltr'><strong>bic</strong></span> <span class='ocrx_word' id='word_1_246' title='bbox 917 3225 1024 3296; x_wconf 93' lang='lat' dir='ltr'><strong>illic</strong></span> <span class='ocrx_word' id='word_1_247' title='bbox 1015 3231 1243 3340; x_wconf 75' lang='lat' dir='ltr'><strong>inspersimns,</strong></span> <span class='ocrx_word' id='word_1_248' title='bbox 1288 3231 1405 3321; x_wconf 90' lang='lat' dir='ltr'><strong>quibus</strong></span> <span class='ocrx_word' id='word_1_249' title='bbox 1436 3221 1594 3296; x_wconf 86' lang='lat' dir='ltr'><strong>nonnulla</strong></span> <span class='ocrx_word' id='word_1_250' title='bbox 1616 3229 1714 3292; x_wconf 82' lang='lat' dir='ltr'><strong>verba</strong></span> <span class='ocrx_word' id='word_1_251' title='bbox 1739 3229 1878 3294; x_wconf 89' lang='lat' dir='ltr'><strong>obscura</strong></span> <span class='ocrx_word' id='word_1_252' title='bbox 1902 3239 1955 3290; x_wconf 87' lang='lat' dir='ltr'><strong>aut</strong></span> 
     </span>
     <span class='ocr_line' id='line_1_26' title="bbox 381 3335 1956 3430; baseline -0.004 -26"><span class='ocrx_word' id='word_1_253' title='bbox 381 3341 517 3406; x_wconf 87' lang='lat' dir='ltr'><strong>barbara</strong></span> <span class='ocrx_word' id='word_1_254' title='bbox 547 3366 610 3430; x_wconf 85' lang='lat' dir='ltr'><strong>pto</strong></span> <span class='ocrx_word' id='word_1_255' title='bbox 635 3341 721 3408; x_wconf 93' lang='lat' dir='ltr'><strong>virili</strong></span> <span class='ocrx_word' id='word_1_256' title='bbox 750 3341 910 3411; x_wconf 89' lang='lat' dir='ltr'><strong>illustrare</strong></span> <span class='ocrx_word' id='word_1_257' title='bbox 936 3341 1043 3408; x_wconf 89' lang='lat' dir='ltr'><strong>conati</strong></span> <span class='ocrx_word' id='word_1_258' title='bbox 1065 3361 1188 3404; x_wconf 88' lang='lat' dir='ltr'><strong>sumus.</strong></span> <span class='ocrx_word' id='word_1_259' title='bbox 1257 3343 1374 3428; x_wconf 79' lang='lat' dir='ltr'><strong>Operae</strong></span> <span class='ocrx_word' id='word_1_260' title='bbox 1395 3336 1528 3428; x_wconf 88' lang='lat' dir='ltr'><strong>quidam</strong></span> <span class='ocrx_word' id='word_1_261' title='bbox 1548 3336 1691 3424; x_wconf 85' lang='lat' dir='ltr'><strong>pretium</strong></span> <span class='ocrx_word' id='word_1_262' title='bbox 1712 3335 1843 3414; x_wconf 90' lang='lat' dir='ltr'><strong>soret,·</strong></span> <span class='ocrx_word' id='word_1_263' title='bbox 1862 3355 1956 3400; x_wconf 91' lang='lat' dir='ltr'><strong>com-</strong></span> 
     </span>
     <span class='ocr_line' id='line_1_27' title="bbox 291 3433 1955 3538; baseline -0.002 -28"><span class='ocrx_word' id='word_1_264' title='bbox 291 3437 295 3444; x_wconf 64' lang='grc'><em>’</em></span> <span class='ocrx_word' id='word_1_265' title='bbox 380 3449 540 3512; x_wconf 84' lang='lat' dir='ltr'><strong>mantario</strong></span> <span class='ocrx_word' id='word_1_266' title='bbox 569 3467 729 3538; x_wconf 87' lang='lat' dir='ltr'><strong>perpetuo</strong></span> <span class='ocrx_word' id='word_1_267' title='bbox 750 3445 836 3534; x_wconf 74' lang='lat' dir='ltr'><strong>leges</strong></span> <span class='ocrx_word' id='word_1_268' title='bbox 861 3449 1008 3514; x_wconf 88' lang='lat' dir='ltr'><strong>Canuti</strong></span> <span class='ocrx_word' id='word_1_269' title='bbox 999 3464 1178 3526; x_wconf 76' lang='lat' dir='ltr'><strong>instruere,</strong></span> <span class='ocrx_word' id='word_1_270' title='bbox 1224 3445 1316 3536; x_wconf 89' lang='lat' dir='ltr'><strong>quod</strong></span> <span class='ocrx_word' id='word_1_271' title='bbox 1349 3463 1456 3510; x_wconf 89' lang='lat' dir='ltr'><strong>tamen</strong></span> <span class='ocrx_word' id='word_1_272' title='bbox 1479 3462 1511 3510; x_wconf 86' lang='lat' dir='ltr'><strong>et</strong></span> <span class='ocrx_word' id='word_1_273' title='bbox 1544 3445 1662 3508; x_wconf 88' lang='lat' dir='ltr'><strong>virium</strong></span> <span class='ocrx_word' id='word_1_274' title='bbox 1684 3433 1887 3519; x_wconf 78' lang='lat' dir='ltr'><strong>imbecillitas</strong></span> <span class='ocrx_word' id='word_1_275' title='bbox 1923 3457 1955 3506; x_wconf 87' lang='lat' dir='ltr'><strong>et</strong></span> 
     </span>
     <span class='ocr_line' id='line_1_28' title="bbox 382 3547 1955 3647; baseline -0.003 -27"><span class='ocrx_word' id='word_1_276' title='bbox 382 3556 462 3620; x_wconf 85' lang='lat' dir='ltr'><strong>fines</strong></span> <span class='ocrx_word' id='word_1_277' title='bbox 483 3555 605 3637; x_wconf 83' lang='lat' dir='ltr'><strong>augusti</strong></span> <span class='ocrx_word' id='word_1_278' title='bbox 624 3557 892 3644; x_wconf 84' lang='lat' dir='ltr'><strong>programmatis,</strong></span> <span class='ocrx_word' id='word_1_279' title='bbox 913 3559 966 3622; x_wconf 90' lang='lat' dir='ltr'><strong>cui</strong></span> <span class='ocrx_word' id='word_1_280' title='bbox 990 3557 1039 3622; x_wconf 82' lang='lat' dir='ltr'><strong>bae</strong></span> <span class='ocrx_word' id='word_1_281' title='bbox 1065 3555 1231 3647; x_wconf 76' lang='lat' dir='ltr'><strong>plagulas</strong></span> <span class='ocrx_word' id='word_1_282' title='bbox 1222 3556 1419 3634; x_wconf 78' lang='lat' dir='ltr'><strong>inserviunt,</strong></span> <span class='ocrx_word' id='word_1_283' title='bbox 1442 3570 1624 3617; x_wconf 88' lang='lat' dir='ltr'><strong>vetuerunt.</strong></span> <span class='ocrx_word' id='word_1_284' title='bbox 1672 3553 1744 3616; x_wconf 89' lang='lat' dir='ltr'><strong>Hoc</strong></span> <span class='ocrx_word' id='word_1_285' title='bbox 1763 3547 1870 3615; x_wconf 89' lang='lat' dir='ltr'><strong>solum</strong></span> <span class='ocrx_word' id='word_1_286' title='bbox 1890 3567 1955 3616; x_wconf 80' lang='lat' dir='ltr'><strong>ne-</strong></span> 
     </span>
     <span class='ocr_line' id='line_1_29' title="bbox 382 3655 1956 3754; baseline -0.003 -27"><span class='ocrx_word' id='word_1_287' title='bbox 382 3665 431 3728; x_wconf 89' lang='lat' dir='ltr'><strong>bis</strong></span> <span class='ocrx_word' id='word_1_288' title='bbox 455 3663 664 3752; x_wconf 82' lang='lat' dir='ltr'><strong>propositum</strong></span> <span class='ocrx_word' id='word_1_289' title='bbox 686 3677 772 3736; x_wconf 88' lang='lat' dir='ltr'><strong>erat,</strong></span> <span class='ocrx_word' id='word_1_290' title='bbox 816 3679 853 3724; x_wconf 90' lang='lat' dir='ltr'><strong>nt</strong></span> <span class='ocrx_word' id='word_1_291' title='bbox 873 3663 936 3728; x_wconf 92' lang='lat' dir='ltr'><strong>boc</strong></span> <span class='ocrx_word' id='word_1_292' title='bbox 961 3659 1119 3754; x_wconf 89' lang='lat' dir='ltr'><strong>opusculo</strong></span> <span class='ocrx_word' id='word_1_293' title='bbox 1142 3681 1174 3728; x_wconf 90' lang='lat' dir='ltr'><strong>et</strong></span> <span class='ocrx_word' id='word_1_294' title='bbox 1190 3661 1451 3739; x_wconf 86' lang='lat' dir='ltr'><strong>ostenderemus,</strong></span> <span class='ocrx_word' id='word_1_295' title='bbox 1493 3683 1642 3751; x_wconf 80' lang='lat' dir='ltr'><strong>quasnam</strong></span> <span class='ocrx_word' id='word_1_296' title='bbox 1662 3655 1768 3724; x_wconf 90' lang='lat' dir='ltr'><strong>adbuc</strong></span> <span class='ocrx_word' id='word_1_297' title='bbox 1791 3659 1956 3748; x_wconf 86' lang='lat' dir='ltr'><strong>supersint</strong></span> 
     </span>
     <span class='ocr_line' id='line_1_30' title="bbox 380 3765 1955 3872; baseline -0.004 -37"><span class='ocrx_word' id='word_1_298' title='bbox 380 3770 532 3861; x_wconf 87' lang='lat' dir='ltr'><strong>praesidia</strong></span> <span class='ocrx_word' id='word_1_299' title='bbox 561 3769 603 3834; x_wconf 92' lang='lat' dir='ltr'><strong>ad</strong></span> <span class='ocrx_word' id='word_1_300' title='bbox 628 3767 713 3870; x_wconf 74' lang='lat' dir='ltr'><strong>leges</strong></span> <span class='ocrx_word' id='word_1_301' title='bbox 737 3768 857 3834; x_wconf 86' lang='lat' dir='ltr'><strong>Canuti</strong></span> <span class='ocrx_word' id='word_1_302' title='bbox 887 3769 950 3834; x_wconf 88' lang='lat' dir='ltr'><strong>rite</strong></span> <span class='ocrx_word' id='word_1_303' title='bbox 976 3769 1122 3870; x_wconf 81' lang='lat' dir='ltr'><strong>edendas</strong></span> <span class='ocrx_word' id='word_1_304' title='bbox 1144 3787 1240 3872; x_wconf 87' lang='lat' dir='ltr'><strong>atque</strong></span> <span class='ocrx_word' id='word_1_305' title='bbox 1260 3768 1539 3860; x_wconf 85' lang='lat' dir='ltr'><strong>interpretandas,</strong></span> <span class='ocrx_word' id='word_1_306' title='bbox 1584 3786 1617 3833; x_wconf 90' lang='lat' dir='ltr'><strong>et</strong></span> <span class='ocrx_word' id='word_1_307' title='bbox 1636 3765 1733 3833; x_wconf 87' lang='lat' dir='ltr'><strong>simul</strong></span> <span class='ocrx_word' id='word_1_308' title='bbox 1757 3765 1955 3832; x_wconf 87' lang='lat' dir='ltr'><strong>desiderium</strong></span> 
     </span>
     <span class='ocr_line' id='line_1_31' title="bbox 382 3847 1955 4000; baseline -0.006 -56"><span class='ocrx_word' id='word_1_309' title='bbox 382 3901 513 3961; x_wconf 87' lang='lat' dir='ltr'><strong>eorum,</strong></span> <span class='ocrx_word' id='word_1_310' title='bbox 538 3879 654 3970; x_wconf 90' lang='lat' dir='ltr'><strong>quibus</strong></span> <span class='ocrx_word' id='word_1_311' title='bbox 666 3847 763 3962; x_wconf 82' lang='lat' dir='ltr'><strong>leges</strong></span> <span class='ocrx_word' id='word_1_312' title='bbox 783 3877 922 3966; x_wconf 84' lang='lat' dir='ltr'><strong>antiquae</strong></span> <span class='ocrx_word' id='word_1_313' title='bbox 940 3851 1026 3944; x_wconf 79' lang='lat' dir='ltr'><strong>curas</strong></span> <span class='ocrx_word' id='word_1_314' title='bbox 1051 3877 1210 3968; x_wconf 88' lang='lat' dir='ltr'><strong>cordique</strong></span> <span class='ocrx_word' id='word_1_315' title='bbox 1229 3895 1321 3956; x_wconf 88' lang='lat' dir='ltr'><strong>sunt,</strong></span> <span class='ocrx_word' id='word_1_316' title='bbox 1338 3870 1593 4000; x_wconf 77' lang='lat' dir='ltr'><strong>quodammodo</strong></span> <span class='ocrx_word' id='word_1_317' title='bbox 1615 3877 1873 3952; x_wconf 87' lang='lat' dir='ltr'><strong>sublevaremus,</strong></span> <span class='ocrx_word' id='word_1_318' title='bbox 1895 3895 1955 3935; x_wconf 90' lang='lat' dir='ltr'><strong>cu-</strong></span> 
     </span>
     <span class='ocr_line' id='line_1_32' title="bbox 382 3979 1955 4076; baseline -0.008 -23"><span class='ocrx_word' id='word_1_319' title='bbox 382 4005 489 4053; x_wconf 88' lang='lat' dir='ltr'><strong>rantes</strong></span> <span class='ocrx_word' id='word_1_320' title='bbox 514 3987 622 4071; x_wconf 84' lang='lat' dir='ltr'><strong>legum</strong></span> <span class='ocrx_word' id='word_1_321' title='bbox 645 3986 762 4052; x_wconf 88' lang='lat' dir='ltr'><strong>Canuti</strong></span> <span class='ocrx_word' id='word_1_322' title='bbox 783 3981 974 4063; x_wconf 89' lang='lat' dir='ltr'><strong>editionem,</strong></span> <span class='ocrx_word' id='word_1_323' title='bbox 1002 4008 1091 4076; x_wconf 83' lang='lat' dir='ltr'><strong>qnae,</strong></span> <span class='ocrx_word' id='word_1_324' title='bbox 1117 4005 1152 4052; x_wconf 89' lang='lat' dir='ltr'><strong>ut</strong></span> <span class='ocrx_word' id='word_1_325' title='bbox 1170 4007 1355 4076; x_wconf 88' lang='lat' dir='ltr'><strong>speramus,</strong></span> <span class='ocrx_word' id='word_1_326' title='bbox 1402 3979 1499 4050; x_wconf 93' lang='lat' dir='ltr'><strong>alicui</strong></span> <span class='ocrx_word' id='word_1_327' title='bbox 1522 4009 1594 4049; x_wconf 86' lang='lat' dir='ltr'><strong>usur</strong></span> <span class='ocrx_word' id='word_1_328' title='bbox 1586 3983 1731 4046; x_wconf 37' lang='lat' dir='ltr'><strong>*haram</strong></span> <span class='ocrx_word' id='word_1_329' title='bbox 1753 4001 1863 4043; x_wconf 90' lang='lat' dir='ltr'><strong>rernm</strong></span> <span class='ocrx_word' id='word_1_330' title='bbox 1885 3994 1955 4042; x_wconf 91' lang='lat' dir='ltr'><strong>stu·</strong></span> 
     </span>
     <span class='ocr_line' id='line_1_33' title="bbox 382 4085 1953 4188; baseline -0.008 -27"><span class='ocrx_word' id='word_1_331' title='bbox 382 4094 481 4164; x_wconf 88' lang='lat' dir='ltr'><strong>diesis</strong></span> <span class='ocrx_word' id='word_1_332' title='bbox 505 4119 573 4162; x_wconf 89' lang='lat' dir='ltr'><strong>esse</strong></span> <span class='ocrx_word' id='word_1_333' title='bbox 593 4097 716 4188; x_wconf 85' lang='lat' dir='ltr'><strong>possit,</strong></span> <span class='ocrx_word' id='word_1_334' title='bbox 758 4092 863 4159; x_wconf 84' lang='lat' dir='ltr'><strong>donec</strong></span> <span class='ocrx_word' id='word_1_335' title='bbox 883 4089 980 4174; x_wconf 89' lang='lat' dir='ltr'><strong>alius,</strong></span> <span class='ocrx_word' id='word_1_336' title='bbox 1009 4093 1236 4183; x_wconf 84' lang='lat' dir='ltr'><strong>profundioris</strong></span> <span class='ocrx_word' id='word_1_337' title='bbox 1260 4091 1417 4157; x_wconf 87' lang='lat' dir='ltr'><strong>doctrinae</strong></span> <span class='ocrx_word' id='word_1_338' title='bbox 1443 4106 1599 4178; x_wconf 83' lang='lat' dir='ltr'><strong>apparatu</strong></span> <span class='ocrx_word' id='word_1_339' title='bbox 1624 4089 1799 4150; x_wconf 89' lang='lat' dir='ltr'><strong>instructus</strong></span> <span class='ocrx_word' id='word_1_340' title='bbox 1823 4103 1855 4151; x_wconf 90' lang='lat' dir='ltr'><strong>et</strong></span> <span class='ocrx_word' id='word_1_341' title='bbox 1874 4085 1953 4178; x_wconf 84' lang='lat' dir='ltr'><strong>ipsis</strong></span> 
     </span>
     <span class='ocr_line' id='line_1_34' title="bbox 382 4191 1953 4294; baseline -0.01 -20"><span class='ocrx_word' id='word_1_342' title='bbox 382 4205 525 4274; x_wconf 87' lang='lat' dir='ltr'><strong>sontibus</strong></span> <span class='ocrx_word' id='word_1_343' title='bbox 555 4204 714 4294; x_wconf 89' lang='lat' dir='ltr'><strong>propior,</strong></span> <span class='ocrx_word' id='word_1_344' title='bbox 758 4197 882 4282; x_wconf 83' lang='lat' dir='ltr'><strong>legibus</strong></span> <span class='ocrx_word' id='word_1_345' title='bbox 907 4199 1201 4286; x_wconf 81' lang='lat' dir='ltr'><strong>Angla-Saxonum</strong></span> <span class='ocrx_word' id='word_1_346' title='bbox 1223 4195 1366 4264; x_wconf 88' lang='lat' dir='ltr'><strong>debitam</strong></span> <span class='ocrx_word' id='word_1_347' title='bbox 1386 4193 1586 4285; x_wconf 88' lang='lat' dir='ltr'><strong>impenderit</strong></span> <span class='ocrx_word' id='word_1_348' title='bbox 1610 4215 1764 4284; x_wconf 88' lang='lat' dir='ltr'><strong>operam,</strong></span> <span class='ocrx_word' id='word_1_349' title='bbox 1803 4191 1893 4282; x_wconf 90' lang='lat' dir='ltr'><strong>quod</strong></span> <span class='ocrx_word' id='word_1_350' title='bbox 1917 4211 1953 4258; x_wconf 90' lang='lat' dir='ltr'><strong>ut</strong></span> 
     </span>
     <span class='ocr_line' id='line_1_35' title="bbox 382 4309 958 4400; baseline -0.011 -21"><span class='ocrx_word' id='word_1_351' title='bbox 382 4315 475 4380; x_wconf 88' lang='lat' dir='ltr'><strong>brevi</strong></span> <span class='ocrx_word' id='word_1_352' title='bbox 500 4313 623 4391; x_wconf 55' lang='lat' dir='ltr'><strong>tiana</strong></span> <span class='ocrx_word' id='word_1_353' title='bbox 606 4334 645 4375; x_wconf 84' lang='lat' dir='ltr'><strong>ex</strong></span> <span class='ocrx_word' id='word_1_354' title='bbox 667 4309 775 4374; x_wconf 86' lang='lat' dir='ltr'><strong>animo</strong></span> <span class='ocrx_word' id='word_1_355' title='bbox 800 4325 958 4400; x_wconf 88' lang='lat' dir='ltr'><strong>optamus.</strong></span> 
     </span>
    </p>
   </div>
   <div class='ocr_carea' id='block_1_3' title="bbox 385 4425 614 4450">
    <p class='ocr_par' dir='ltr' id='par_1_5' title="bbox 385 4425 614 4450">
     <span class='ocr_line' id='line_1_36' title="bbox 385 4425 614 4450; baseline -0.022 -5"><span class='ocrx_word' id='word_1_356' title='bbox 385 4425 614 4450; x_wconf 42' lang='grc' dir='ltr'><strong><em>μ</em></strong></span> 
     </span>
    </p>
   </div>
   <div class='ocr_carea' id='block_1_4' title="bbox 415 4461 1951 4544">
    <p class='ocr_par' dir='ltr' id='par_1_6' title="bbox 415 4461 1951 4544">
     <span class='ocr_line' id='line_1_37' title="bbox 415 4461 1951 4544; baseline -0.01 -15"><span class='ocrx_word' id='word_1_357' title='bbox 415 4477 445 4541; x_wconf 80' lang='lat'><strong>¹¹¹)</strong></span> <span class='ocrx_word' id='word_1_358' title='bbox 471 4473 642 4543; x_wconf 76' lang='lat' dir='ltr'><strong>Inutgtntnr</strong></span> <span class='ocrx_word' id='word_1_359' title='bbox 657 4473 690 4526; x_wconf 82' lang='lat' dir='ltr'><strong>tn</strong></span> <span class='ocrx_word' id='word_1_360' title='bbox 704 4467 780 4526; x_wconf 77' lang='lat' dir='ltr'><strong>noua</strong></span> <span class='ocrx_word' id='word_1_361' title='bbox 797 4480 893 4528; x_wconf 80' lang='lat' dir='ltr'><strong>textus</strong></span> <span class='ocrx_word' id='word_1_362' title='bbox 904 4469 1174 4544; x_wconf 70' lang='lat' dir='ltr'><strong>Angla-Saxouieua</strong></span> <span class='ocrx_word' id='word_1_363' title='bbox 1192 4467 1314 4528; x_wconf 80' lang='lat' dir='ltr'><strong>literaA</strong></span> <span class='ocrx_word' id='word_1_364' title='bbox 1330 4471 1391 4524; x_wconf 78' lang='lat' dir='ltr'><strong>sire</strong></span> <span class='ocrx_word' id='word_1_365' title='bbox 1409 4463 1467 4523; x_wconf 81' lang='lat' dir='ltr'><strong>AS.</strong></span> <span class='ocrx_word' id='word_1_366' title='bbox 1486 4475 1515 4520; x_wconf 87' lang='lat' dir='ltr'><strong>et</strong></span> <span class='ocrx_word' id='word_1_367' title='bbox 1532 4467 1625 4522; x_wconf 74' lang='lat' dir='ltr'><strong>varaia</strong></span> <span class='ocrx_word' id='word_1_368' title='bbox 1643 4461 1840 4538; x_wconf 53' lang='lat' dir='ltr'><strong>witmarum,</strong></span> <span class='ocrx_word' id='word_1_369' title='bbox 1851 4463 1895 4523; x_wconf 75' lang='lat' dir='ltr'><strong>tta</strong></span> <span class='ocrx_word' id='word_1_370' title='bbox 1902 4461 1951 4518; x_wconf 81' lang='lat' dir='ltr'><strong>W.</strong></span> 
     </span>
    </p>
   </div>
   <div class='ocr_carea' id='block_1_5' title="bbox 0 0 2188 5222">
    <p class='ocr_par' dir='ltr' id='par_1_7' title="bbox 0 0 2188 5222">
     <span class='ocr_line' id='line_1_38' title="bbox 0 0 2188 5222; baseline 0 2"><span class='ocrx_word' id='word_1_371' title='bbox 0 0 2188 5222; x_wconf 95' lang='lat' dir='ltr'><strong> </strong></span> 
     </span>
    </p>
   </div>
  </div>
 </body>
</html>
