4344 5220
449 501 500 584 50

398 701 587 804 hundredo
609 695 768 802 requirat
775 719 787 788 3
834 694 930 790 quod
951 691 983 760 ei
1006 689 1084 762 vice
1104 688 1211 760 tertia
1232 693 1371 759 rectum
1403 682 1541 776 hahere,
1558 709 1633 774 non
1658 689 1812 780 poterit,
1837 697 1897 760 eat
1920 689 1969 760 ad

400 841 630 923 comitatum,
649 829 681 926 ¹)
734 840 772 900 et
794 827 975 912 ostendat,
1019 843 1059 890 ee
1082 823 1156 914 jam
1177 823 1285 894 tertio
1306 818 1536 892 hundredum
1561 822 1706 910 adiisse,
1739 831 1880 892 rectum
1907 841 1975 906 ted

328 1009 331 1016 ·
401 971 570 1064 quieieee,
615 974 653 1034 et
675 962 810 1032 hebere
833 980 907 1028 non
930 954 1106 1046 potuisse,
1155 963 1242 1022 tunc
1266 954 1457 1022 comitatus
1482 963 1617 1024 etetuat
1644 951 1742 1044 illi2)
1779 956 1895 1040 diem,
1933 953 1974 1020 in
2009 1033 2014 1040 ,

403 1122 473 1196 quo
488 1101 550 1192 qui
573 1097 839 1194 calumpniante-
857 1085 1034 1158 eet-faciet
1047 1095 1208 1176 rectum3
1233 1085 1385 1177 quodsi
1409 1086 1486 1154 dies
1507 1095 1665 1164 ,statutus
1691 1085 1827 1156 fractus
1851 1083 1971 1169 luerit

384 1239 550 1324 'accepte
563 1229 762 1325 ³).licentia
785 1247 806 1294 a
831 1223 1022 1307 comitatu,
1070 1221 1110 1288 in
1134 1219 1253 1291 eundo
1280 1218 1378 1288 etin
1401 1217 1605 1308 redeundo,
1659 1231 1701 1290 ut
1728 1218 1843 1309 poetit
1877 1214 1975 1284 acci-¹

405 1388 491 1459 pere
517 1383 644 1447 name,
692 1377 878 1452 quousque
902 1351 1133 1455 habeateue.

731 1499 791 1570 20.
817 1481 905 1582 (19.)
965 1480 1076 1568 Quod
1098 1478 1350 1574 unusquisque
1375 1480 1414 1549 in
1438 1480 1566 1574 plegio
1589 1479 1647 1548 eit.

539 1624 796 1698 Censtituimus
822 1620 928 1686 etiam
939 1663 952 1698 ,
976 1627 1018 1686 ut
1040 1616 1155 1684 omnis
1179 1613 1271 1684 liber
1293 1609 1460 1706 homo,⁴)
1486 1616 1547 1706 qui
1570 1611 1721 1682 voluerit
1745 1632 1821 1680 ease
1847 1611 1975 1704 dignus

406 1761 620 1855 purgatione
650 1765 687 1824 et
710 1753 892 1836 libertate,
907 1738 938 1838 ς)
988 1769 1100 1837 quam·
1117 1744 1226 1834 Angli
1249 1753 1378 1812 vocant
1399 1743 1612 1814 letdeeurtie
1632 1743 1712 1812 and
1736 1743 1977 1823 veremundo,
2037 1767 2039 1772 ·

410 1898 457 1962 eit
478 1897 516 1961 in
539 1885 728 1958 hundredo
753 1890 791 1948 et
815 1881 853 1948 in
878 1871 1063 1967 plegi0;⁶)
1089 1873 1204 1960 aliter,
1232 1876 1263 1941 ei
1277 1869 1310 1962 ⁷)
1336 1871 1520 1965 occisum)
1544 1873 1869 1966 sueritpoetquam
1893 1871 1979 1946 fuo-

409 2026 458 2093 rit
481 2016 700 2095 duodennis,
741 1993 814 2082 non
838 2011 908 2078 erit
931 2005 992 2076 ille
1014 2003 1179 2075 libertate
1204 2005 1342 2093 dignus.

682 2155 743 2223 21.
770 2139 857 2238 (19.)
911 2138 1024 2220 Item,
1054 2135 1087 2204 ei
1112 2133 1223 2203 etium
1247 2144 1350 2204 terra
1374 2147 1411 2210 et
1434 2099 1706 2205 domo'careat.

489 2343 491 2348 .
541 2277 624 2350 Hoc
638 2273 673 2368 ⁹)
696 2265 839 2368 quoque
863 2273 1014 2342 dicimus
1037 2279 1074 2338 et
1099 2269 1145 2336 de
1168 2266 1260 2356 hiis,
1284 2270 1345 2358 qui
1372 2269 1520 2341 domum
1546 2279 1583 2341 et
1606 2279 1740 2338 terram
1764 2267 1919 2358 hubent,
1944 2277 1981 2336 et

413 2419 459 2486 ele
479 2413 567 2500 hiis,
609 2411 671 2502 qui
696 2419 790 2490 non,
821 2405 885 2475 eed
910 2403 1074 2472 seruiunt
1097 2398 1175 2468 eliis
1181 2446 1195 2481 ,
1226 2421 1315 2491 quoe
1339 2367 1446 2492 Angli
1469 2411 1600 2474 vocent
1623 2399 1774 2489 lucescat
1794 2402 1876 2480 und
1891 2398 1984 2489 sol·

410 2567 539 2638 geres,
571 2550 614 2608 ut
645 2562 769 2608 omnes
796 2539 868 2605 eint
893 2537 931 2602 in
956 2533 1145 2600 hundredo
1169 2540 1205 2598 et
1229 2531 1296 2600 sub
1323 2531 1460 2622 plegio,
1474 2527 1532 2625 ¹0)
1567 2535 1628 2626 qui
1654 2555 1715 2602 eos
1738 2534 1783 2603 ad
1808 2511 1980 2626 justitiam

414 2677 584 2752 habeant,
597 2681 609 2712 ¹
623 2667 654 2762 1)
678 2672 709 2739 ei
733 2667 924 2760 aliquando
948 2661 1235 2754 calumpnientur
1254 2663 1299 2731 de
1322 2661 1440 2756 aliqua
1457 2685 1509 2733 re.

420 2871 649 2893 μ

455 3018 482 3084 1)
518 3023 688 3068 conventum
707 3009 797 3061 totiue
816 3004 980 3074 comitatus,
1006 3002 1083 3071 quod
1099 3001 1209 3069 anglice
1226 3001 1331 3056 dicitur
1350 2999 1515 3070 Syremotue
1533 3001 1680 3073 (eoiremot
1698 3000 1747 3074 Β.)
1764 3015 1793 3058 et
1809 3016 1878 3060 tuuc
1895 3007 1986 3060 comi·

453 3113 455 3116 '
550 3118 624 3160 tatue
643 3104 693 3158 &n
713 3101 783 3177 Illi.

454 3213 482 3273 a)
517 3201 573 3256 eibi
587 3203 623 3255 H.
641 3203 669 3252 ei
686 3209 818 3267 quartum
833 3197 993 3258 terminum,
1011 3194 1062 3260 qui
1074 3193 1099 3245 ei
1112 3187 1199 3254 leiim,
1214 3199 1282 3242 tuuc
1295 3191 1437 3246 licentiam
1451 3197 1576 3262 accipiet,
1591 3204 1625 3246 ut
1641 3193 1676 3246 eb
1693 3193 1761 3246 hino
1779 3206 1807 3246 et
1824 3194 1890 3247 inde
1904 3209 1990 3250 eoum

553 3296 654 3351 ,adeat
671 3304 779 3347 rectum
796 3293 971 3360 perquirere.
988 3287 1022 3340 B.
1216 3285 1249 3354 5)
1288 3287 1375 3338 Haud
1388 3288 1468 3340 dubie
1483 3289 1641 3358 legendum.-
1660 3291 1778 3355 accipiat
1797 3290 1950 3346 licentium.

458 3397 485 3456 t)
518 3392 607 3445 homo
627 3395 659 3442 in
676 3386 826 3464 hundredo
848 3395 877 3438 et
893 3389 924 3437 iu
941 3383 1048 3436 decima
1065 3383 1175 3450 poeitue
1193 3383 1272 3442 uniet,
1289 3396 1345 3448 que
1362 3385 1530 3450 purgatione
1547 3382 1650 3450 diguus
1668 3393 1728 3436 aete
1746 3381 1816 3436 velit
1832 3393 1883 3438 eut
1899 3397 1991 3448 wem

554 3489 580 3537 ei
597 3481 646 3536 dec.
663 3482 697 3534 Β.
891 3475 922 3546 5)
957 3493 1045 3530 vuera
1065 3477 1101 3529 D.

458 3579 487 3644 t)
523 3577 630 3629 decime
646 3575 725 3626 Du·
736 3573 830 3628 Veraio
845 3574 889 3626 lu'c
903 3574 992 3625 textui
999 3570 1242 3642 Aegle-Saxonico
1254 3587 1306 3622 non
1318 3573 1425 3624 omnino
1440 3573 1578 3644 quodratt
1594 3572 1721 3641 plegium
1738 3589 1832 3643 nempe
1844 3571 1992 3643 signifieat
2068 3637 2074 3644 Ι

556 3679 645 3720 totum
659 3667 738 3718 illum
752 3685 848 3720 nexum
866 3669 938 3720 inter
954 3667 1053 3718 liberos
1068 3666 1141 3717 cives
1154 3665 1427 3734 Angla-Saxonicum
1446 3685 1498 3737 quo
1509 3677 1602 3718 mutuo
1624 3669 1706 3738 quael
1713 3667 1917 3734 fideijussionie
1929 3670 1992 3722 ein·

556 3762 617 3814 culo
630 3760 794 3812 tenebantur
816 3763 908 3827 (eujus
922 3763 1048 3816 uutitutt'
1062 3759 1194 3821 indolem,
1216 3759 1271 3811 ea'd.
1294 3763 1370 3828 opud
1380 3761 1502 3831 Phillipe
1523 3767 1562 3822 J*-
1575 3764 1714 3822 XXXI)‚·
1739 3771 1832 3834 leuius
1850 3767 1910 3820 Aa.
1929 3781 1993 3820 reto

554 3857 665 3927 proprie
685 3857 717 3906 de
738 3851 865 3922 toopung
887 3855 1026 3925 loquitur,
1052 3871 1104 3925 quo
1120 3851 1303 3923 ‘significetur
1321 3872 1406 3908 nexae
1422 3856 1470 3910 ille
1489 3859 1563 3910 inter
1577 3867 1685 3910 centum
1699 3857 1798 3910 liberet
1810 3860 1931 3914 laomim
1950 3859 1994 3913 vel

558 3953 648 4005 decem
658 3947 801 4020 freoborg.

411 4069 415 4078 ·
461 4048 491 4118 7)
524 4049 614 4115 eiquie
632 4061 697 4098 eum
715 4055 779 4112 poet
795 4041 945 4096 Xlletetie
961 4058 1012 4095 sue
1030 4051 1265 4105 emolumenta,
1285 4043 1332 4095 vel
1346 4059 1405 4098 non
1419 4050 1457 4100 eit
1470 4047 1564 4115 eliqua
1576 4046 1733 4102 liberorum
1746 4047 1916 4116 rectitudine
1932 4045 1996 4116 dig·

621 4155 685 4192 nne.
703 4137 772 4192 D-B.
935 4139 964 4200 8)
997 4139 1224 4207 legendumne
1238 4139 1364 4190 videtur:
1382 4151 1545 4206 tenuatus,
1562 4143 1625 4196 etde
1640 4152 1734 4196 uotum
1747 4144 1961 4196 antecedentem.

464 4237 494 4306 q)
528 4231 572 4290 Sit
591 4235 630 4303 (ei
649 4237 697 4298 eit)
715 4229 875 4298 heordieat,
910 4235 948 4286 tit
964 4229 1120 4300 rotgarius,
1155 4234 1192 4284 eit
1210 4235 1241 4284 iu
1260 4232 1409 4288 hundredo
1428 4245 1456 4286 et
1472 4237 1569 4304 plegio
1587 4241 1758 4290 constitutae
1775 4247 1804 4290 et
1821 4247 1914 4294 teneat
1930 4251 1997 4290 eum

560 4329 672 4397 plegiue
690 4339 719 4381 et
735 4326 854 4380 adducet
871 4343 984 4380 omnem
1001 4336 1108 4379 rectum
1126 4326 1260 4390 (addecet
1271 4345 1332 4380 eum
1346 4311 1385 4380 ed
1397 4345 1474 4382 omne
1491 4340 1595 4384 rectum
1613 4329 1662 4402 Β.)
1680 4329 1749 4386 ΠΒ.

451 4423 493 4488 to)
534 4423 652 4477 Willine
667 4419 730 4493 quee'
747 4431 898 4499 sequuntur
909 4439 1053 4490 perperam
1070 4421 1164 4484 rectit,
1184 4429 1258 4473 reete
1271 4431 1364 4474 eutem
1378 4421 1500 4493 Phillipe
1517 4442 1548 4494 p.
1566 4425 1624 4478 toli.
1636 4428 1703 4480 Not.
1719 4425 1781 4498 509.

449 4515 496 4587 n)
529 4519 706 4590 lugendum:
723 4514 834 4570 habeut.
851 4541 885 4558 ·-
903 4517 1012 4571 Teneat
1031 4515 1225 4586 adjustitiam
1243 4520 1270 4574 ei
1286 4519 1374 4573 ulium
1390 4517 1573 4589 edumpnlen
1590 4517 1698 4575 luerim
1716 4519 1752 4574 de
1768 4521 1921 4592 aliquare.
1946 4521 1984 4582 Η.
