4368 5222
451 498 503 572 40

390 683 533 776 ⁴nentur
547 701 579 799 ¹)
602 718 640 776 et
663 710 769 781 tadei
792 721 995 801 periciam
1008 707 1042 806 ²)
1065 707 1204 803 Angliae
1229 697 1364 780 terrem
1388 711 1466 780 sine
1480 707 1512 804 ³)
1535 709 1708 801 falsitate,
1755 733 1860 803 quum
1886 712 1972 782 nul—

404 836 677 934 lns*deitiot·;⁴)'
716 852 752 910 ct
778 847 838 934 qui
864 845 992 913 dehinc
1016 845 1180 914 inventus
1204 843 1335 932 fuerit,
1373 831 1673 932 falsum'fecissc,
1698 856 1819 915 curent
1834 841 1865 936 ⁵)
1892 855 1989 914 ιιιι-·

403 969 529 1054 nibus,
577 995 659 1041 cum
683 975 811 1067 quibus
837 976 967 1045 falsum
986 976 1092 1066 fecit,
1127 987 1165 1046 ct
1189 975 1287 1044 nulla
1309 979 1461 1066 pecunie
1487 998 1545 1046 ees
1564 979 1735 1064 redimat,
1781 999 1849 1045 nec
1875 987 1986 1066 auro‚'

402 1123 469 1170 nec
495 1114 653 1210 urgento.
712 1109 760 1178 Et
784 1112 814 1178 si
837 1111 1034 1178 vicecomes
1047 1105 1081 1203 ⁶)
1107 1107 1368 1200 calumpniatur
1393 1105 1521 1196 fuerit,
1570 1105 1711 1203 quotv)
1737 1129 1803 1198 per
1827 1109 1901 1200 ejus
1926 1109 1976 1180 li·

404 1239 555 1304 centiam
580 1237 742 1330 fecisset,
790 1241 886 1334 quod
906 1241 1009 1332 fecit,
1060 1249 1191 1332 purget
1217 1263 1256 1308 se
1279 1239 1411 1331 triplici
1436 1238 1711 1332 purgamine‚⁸)
1751 1242 1846 1333 quod
1870 1239 1976 1334 Angli

402 1379 533 1438 vocant
552 1369 733 1472 prefeald
757 1372 860 1457 lodo,
886 1372 1147 1467 sacrementi⁹)
1175 1369 1307 1465 autu)
1333 1375 1436 1466 igniti
1459 1371 1565 1461 ferri,
1593 1373 1690 1465 quod
1714 1369 1821 1464 Angli
1846 1370 1975 1446 vocent

403 1502 529 1586 ordei,
554 1515 592 1573 et
617 1508 648 1575 si
675 1507 904 1577 cecideritin
930 1491 1160 1599 purgamine,
1177 1504 1235 1602 ¹¹)
1275 1507 1466 1596 sustinent,
1496 1506 1592 1597 quod
1615 1502 1727 1574 falsus
1755 1507 1971 1575 monetarius

402 1639 581 1707 sustinuit.

732 1782 768 1850 8.
793 1768 855 1863 (9.)
913 1773 976 1839 De
1001 1767 1192 1841 Mensurie
1218 1779 1254 1836 ei
1267 1769 1498 1860 ponderibus
1516 1767 1646 1859 justis.

533 1901 714 1969 Mensurae
743 1909 780 1966 et
803 1902 965 1989 pondere
988 1923 1056 1990 per
1079 1887 1196 1967 totuin
1223 1921 1375 1990 regnum
1398 1896 1538 1990 Angliae
1561 1901 1612 1966 ite
1640 1902 1881 1992 corrigantur,
1934 1915 1974 1974 ut

401 2031 474 2102 sint
493 2041 601 2100 recte.
616 2029 674 2126 ¹²)

481 2169 485 2178 '
534 2171 584 2230 10.
625 2156 871 2224 Burhhotam&
894 2157 1094 2242 Brigbotnm,
1130 2173 1161 2221 et
1183 2155 1420 2248 Scipioriunga
1442 2158 1470 2220 ἂ
1492 2155 1682 2244 Fyri‘nnga‚
1704 2179 1767 2246 que
1783 2159 1902 2244 navigii
1921 2158 1975 2225 vel

403 2259 615 2352 expeditionis
636 2278 751 2327 sonant
768 2279 953 2354 apparentem
965 2311 976 2342 ,
1000 2257 1112 2328 sedulo
1132 2283 1358 2352 procuremus,
1380 2283 1510 2328 necesse
1533 2281 1607 2326 eum
1629 2259 1725 2326 fuerit
1748 2259 1789 2326 ud
1805 2285 1974 2336 commune

401 2367 493 2450 regni
512 2367 615 2430 nostri
635 2364 850 2431 commodum.

534 2484 586 2544 11.
632 2471 675 2534 Ft
694 2471 920 2560 perquiramus
938 2463 1034 2532 simul
1055 2438 1159 2534 modis
1182 2459 1351 2548 omnibus,
1371 2465 1535 2556 quomodo
1559 2433 1750 2558 precipuum
1773 2471 1874 2589 possit
1896 2493 1976 2536 con-

402 2572 511 2640 silium
541 2571 682 2638 obtineri
713 2570 753 2636 ad
775 2571 958 2662 profectum
980 2569 1096 2662 populi
1117 2589 1266 2663 rectaque
1291 2569 1502 2636 christianitas
1523 2569 1715 2661 propensius
1737 2573 1836 2658 erigi,
1882 2577 1976 2665 «plin.

402 2675 514 2764 quid
504 2677 655 2758 injustum
674 2691 736 2757 est,
764 2673 913 2742 solertius
935 2676 1094 2742 enervari.
1147 2705 1150 2713 ·
1437 2697 1441 2708 ·
1728 2696 1731 2704 .

853 2857 888 2934 9.
915 2843 1004 2941 (12.)
1065 2840 1199 2940 De¹³)
1224 2844 1306 2938 lego
1337 2843 1523 2915 Veoisexe.

535 2976 616 3046 Hec
630 2973 688 3073 ¹⁴)
716 2987 800 3047 sunt
822 2979 1097 3048 consuetudines
1113 2988 1124 3019 ¹
1138 2976 1170 3071 ⁵)
1195 2979 1289 3072 regis
1306 2982 1361 3068 ²⁶)
1397 3002 1506 3070 super
1531 2999 1655 3048 omnes
1678 2975 1864 3065 homines,
1885 3005 1973 3077 quas

405 3097 635 3118 m

441 3155 468 3206 ι)
502 3145 537 3203 Η.
554 3163 605 3197 ons.
623 3147 752 3200 tenentur
770 3156 806 3202 et.
842 3215 845 3226 Ι
1001 3150 1030 3205 ι)
1065 3154 1138 3198 totns
1155 3147 1283 3198 nationes
1300 3143 1337 3196 D.
1355 3153 1427 3198 totas
1445 3144 1496 3197 hss
1511 3147 1640 3200 ustiones
1657 3141 1690 3197 B.

437 3243 466 3304 5)
503 3259 567 3295 cunr
583 3239 766 3304 facilitatem
784 3241 821 3293 H.
838 3243 900 3293 sine
918 3243 996 3294 omni
1012 3237 1084 3293 falso
1100 3238 1133 3291 Β.

439 3343 469 3401 i)
504 3338 627 3406 Dejicist
644 3353 676 3389 cz
693 3338 820 3406 rejiciat,
839 3335 983 3406 reprobem
1006 3335 1036 3387 irs
1056 3337 1114 3388 eod.
1133 3334 1344 3404 D.B.1sgitur.·
1362 3331 1501 3400 repudist.

439 3437 467 3494 5)
504 3430 603 3501 perdit
621 3449 734 3486 menum
752 3431 801 3486 &c
824 3430 858 3484 B.
1194 3477 1205 3492 ,

439 3529 468 3586 i)
506 3525 543 3578 H.
561 3529 625 3578 aid.
643 3543 723 3580 meus
741 3529 789 3579 vel
806 3532 973 3596 prepositus
991 3527 1059 3581 viiie
1077 3535 1126 3580 sut
1142 3517 1275 3578 civitatis.
1293 3549 1326 3564 -
1343 3522 1508 3591 Propositus
1525 3520 1596 3576 nn.

439 3630 467 3692 7)
503 3621 540 3673 H.
558 3623 623 3672 odd·
638 3621 763 3674 isisetor.

439 3719 467 3778 8)
502 3721 672 3788 purgatione
688 3719 854 3770 sacrementi
871 3729 920 3772 sut
939 3721 1023 3788 igniti
1040 3716 1128 3783 ferri,
1147 3718 1225 3786 quod
1243 3716 1292 3772 &c
1310 3717 1347 3770 tt.
1380 3714 1442 3770 istis
1460 3723 1489 3768 et
1506 3715 1532 3767 si
1548 3709 1597 3766 ite.
1622 3711 1656 3766 B.

436 3821 466 3885 9)
503 3811 539 3867 Η.
558 3809 583 3864 &
601 3808 671 3865 Au.
689 3829 742 3864 erre.
759 3819 923 3865 sacrementi
925 3847 970 3868 .....
971 3813 1061 3868 orici.

424 3917 468 3972 ιο)
504 3911 705 3976 purgacionem
722 3904 855 3974 fregerit,
871 3907 938 3960 inde
954 3909 1094 3976 judiciuin
1112 3907 1214 3962 hsbeet
1231 3906 1308 3976 quod
1325 3908 1377 3976 qni
1393 3902 1496 3960 fulsum
1515 3904 1683 3973 composuit.
1703 3901 1737 3955 Β.
1755 3911 1763 3922 “

426 4011 469 4063 ιι)
506 4008 678 4070 purgacinne
696 4000 732 4058 H.

425 4104 468 4158 ιι)
505 4101 584 4150 units
601 4095 638 4147 Η.
653 4123 688 4137 -
704 4097 906 4150 Desiderantur
923 4099 967 4152 lsic
984 4109 1012 4152 st
1029 4101 1059 4152 irs
1077 4100 1138 4152 Oosi.
1155 4099 1194 4151 Η.
1186 4115 1272 4169 ..cap
1293 4115 1324 4150 ιο
1341 4094 1367 4150 i<
1386 4114 1414 4150 ιι
1434 4105 1527 4150 textus
1543 4095 1638 4168 Angla
1656 4093 1802 4158 Soaeom'ci,
1834 4093 1976 4147 inveniun-

537 4201 585 4243 tur
604 4201 696 4244 autem
714 4194 743 4244 in
761 4195 841 4246 eodo
860 4197 897 4246 D.
916 4205 944 4248 et
965 4197 1012 4259 B„
1031 4196 1102 4248 undo
1120 4195 1182 4246 luss'c
1200 4193 1257 4246 ioco
1273 4211 1307 4246 se
1325 4193 1478 4246 inserimus.

425 4289 468 4349 ιδ)
502 4287 658 4341 Divertites
677 4290 911 4344 consuetudinum
930 4289 1089 4358 AnglioH.
1219 4285 1222 4294 ’
1287 4289 1332 4356 si)
1366 4287 1419 4339 hec
1437 4283 1507 4338 itti.

424 4383 470 4446 15)
504 4385 568 4451 jura
586 4397 642 4450 que
659 4399 713 4436 rex
729 4383 815 4438 hebet
832 4388 864 4438 in
882 4383 1024 4440 Mercenis
1041 4394 1070 4438 et
1086 4383 1246 4438 westsexe.
1262 4379 1331 4437 BD.
1362 4379 1572 4435 eonsuetudines
1589 4377 1832 4448 otproestots'ones
1850 4380 1974 4453 adquae

535 4477 623 4530 alicui
634 4481 685 4546 jus
702 4483 838 4550 competit.

425 4576 469 4637 ι6)
503 4589 586 4660 peges
603 4591 673 4645 ques
691 4573 796 4631 hebent
814 4575 866 4632 CX
884 4574 960 4646 (issi)
978 4576 1128 4634 Westsexe
1146 4591 1232 4646 super
1248 4587 1346 4632 cinnes
1363 4571 1509 4638 honines,
1526 4567 1707 4628 forisisctnrs
1725 4567 1774 4624 ite.
1792 4567 1828 4622 H.
