4344 5220
436 491 506 593 to'r

382 707 526 811 statuit,
574 726 622 793 sit
643 721 798 818 Anglus,
843 732 889 800 stt
913 727 1055 819 Dauus,
1071 729 1103 826 ¹.)
1154 726 1356 820 violaverit,
1371 726 1404 824 ²)
1434 729 1631 838 ‘persolvat
1653 731 1731 820 regi
1755 701 1957 823 pretium³)

385 857 441 923 sui
472 857 600 948 ipsius3
652 863 683 928 si
709 865 867 932 secundo
891 863 961 932 hoc
993 865 1090 932 idem
1116 862 1260 952 fecerit,
1305 862 1495 953 dupliciter
1508 863 1555 960 ⁴).
1571 863 1766 933 secundum
1792 865 1958 953 superio·

380 1009 458 1060 rem
482 993 660 1062 rationem
683 997 870 1086 emendet,
889 1013 893 1022 ·
915 997 1014 1089 'quod
1033 999 1065 1068 si
1086 997 1252 1076 audendo
1272 997 1483 1101 torticios·
1496 998 1782 1090 praesumpserit,
1830 975 1957 1085 perdat

381 1141 501 1194 omma
531 1146 606 1194 sus.

508 1327 656 1418 Denique
664 1329 694 1414 5)
714 1325 832 1420 precor
856 1322 942 1397 etin
964 1315 1096 1400 nomine
1119 1327 1432 1424 Domini'praecipio
1451 1331 1599 1396 omnibus
1618 1329 1821 1411 hominibus,
1851 1349 1886 1396 ut
1907 1329 1960 1394 in-

379 1427 457 1489 timo
487 1429 587 1496 corde
620 1451 850 1501 eonvertanuu·
879 1434 919 1500 ad
946 1439 1072 1520 Deum,
1131 1455 1162 1502 et
1200 1462 1327 1528 semper
1360 1433 1483 1500 assidue
1521 1451 1551 1497 et
1582 1432 1754 1517 diligenter
1783 1436 1958 1522 inquirant,

380 1528 461 1617 quid
481 1533 525 1596 eis
550 1536 591 1600 sit
615 1536 815 1620 faciendum,
857 1539 937 1630 quid
957 1563 1036 1608 vero
1061 1541 1299 1612 dimittendum.
1343 1540 1502 1604 Omnibus
1526 1561 1605 1621 rcrc
1622 1561 1780 1622 magnum
1794 1561 1878 1627 ⁰P¹¹³
1902 1558 1958 1622 ⁰⁵¹2

381 1649 417 1696 ut
439 1637 545 1702 Deum
569 1636 738 1724 diligamus
761 1660 792 1708 et
813 1645 875 1709 Dei
898 1642 1002 1729 legem
1026 1672 1188 1715 servemus
1212 1669 1305 1726 vere,
1347 1645 1465 1710 sanctis
1489 1643 1676 1709 doctoribus
1700 1639 1815 1706 devote
1843 1667 1959 1733 parea·
1991 1731 1997 1744 Ι

379 1759 467 1816 mus,
505 1745 581 1839 quia
602 1745 664 1836 ipsi
687 1746 870 1836 producent
897 1772 957 1815 nos
977 1753 1011 1813 in
1030 1750 1169 1834 judicio,
1207 1747 1335 1840 quando
1358 1745 1504 1813 Christus
1524 1748 1687 1840 ¹Dominus
1710 1744 1865 1835 judicabit
1886 1771 1960 1814 om-

379 1861 455 1904 nem
478 1841 645 1912 hominem
667 1870 798 1918 exarte
821 1850 912 1920 factis
932 1853 1009 1919 suis.
1066 1855 1110 1920 Et
1128 1852 1207 1916 felix
1227 1853 1290 1918 erit
1308 1869 1435 1942 pastor,
1482 1852 1540 1938 qui
1564 1867 1641 1913 tune
1658 1841 1792 1933 gregem
1810 1843 1961 1916 suumin

377 1945 441 2009 Dei
470 1945 596 2013 delicias
623 1971 656 2017 et
679 1952 802 2018 caeleste
825 1957 978 2038 gaudium
1000 1953 1110 2020 laetum
1129 1957 1316 2045 producere
1333 1954 1457 2046 poterit
1486 1973 1525 2018 ex
1541 1954 1686 2041 pristinis
1711 1955 1883 2044 operibus3
1928 1973 1960 2019 et

379 2044 530 2113 exultatio
562 2055 623 2116 erit
655 2057 762 2136 gregi,
811 2058 868 2145 qui
899 2059 1021 2146 pastori
1050 2059 1213 2146 paruerit,
1255 2079 1316 2146 per
1349 2079 1447 2143 quem
1477 2076 1657 2141 segregatus
1688 2058 1751 2121 erit
1780 2082 1798 2119 a
1816 2054 1957 2141 diabolo,

377 2147 608 2244 multiplicatus
631 2175 736 2221 autem
756 2159 840 2225 Deo.
900 2159 1082 2242 Satagemus
1102 2183 1213 2224 omnes
1234 2159 1391 2225 uniformi
1415 2156 1513 2223 corde
1538 2183 1664 2249 semper
1685 2163 1824 2224 creatori
1844 2179 1957 2231 nostro

379 2251 476 2336 digne
493 2241 677 2348 placasset
696 2260 856 2334 ammodo¹
871 2259 966 2328 simul
985 2246 1214 2352 praevideamus
1234 2255 1331 2328 nobis
1354 2283 1372 2324 a
1391 2257 1545 2345 gehennae
1566 2255 1759 2328 eructantes
1780 2279 1814 2328 et
1832 2266 1958 2346 ignibus

379 2360 593 2447 sempiternis.
656 2367 700 2432 Et
718 2365 837 2446 saciant
861 2366 1013 2436 doctores
1035 2385 1066 2434 et
1088 2369 1151 2436 Dei
1173 2389 1340 2458 prteeones
1357 2367 1440 2436 sieut
1456 2385 1582 2432 rectum
1599 2383 1650 2430 est
1671 2383 1703 2430 et
1723 2367 1958 2432 omnibusne*

345 2465 561 2531 ¹cessarium.
616 2469 797 2536 Praedicent
816 2475 930 2562 saepius
951 2495 1021 2562 quas
1045 2469 1086 2537 ad
1102 2477 1208 2540 Deum
1227 2472 1407 2562 pertinent,
1454 2470 1628 2544 momnis,
1675 2469 1731 2556 qui
1754 2467 1957 2537 discretionis

378 2566 480 2630 sciens
504 2587 550 2633 est
570 2589 601 2636 et
625 2570 731 2639 zelum
749 2575 811 2640 Dei
834 2574 950 2659 habet,
995 2575 1101 2644 audiat
1124 2573 1199 2643 illos
1223 2575 1419 2658 gratissime,
1454 2591 1484 2638 et
1505 2575 1567 2639 Dei
1596 2571 1776 2639 doctrinam
1794 2575 1829 2636 in
1849 2596 1957 2644 mente

378 2663 493 2739 haheat
506 2672 652 2759 firmiter,
676 2679 805 2746 sibimet
828 2679 869 2745 ad
888 2678 1067 2747 utilitatem.
1107 2683 1150 2748 Et
1171 2681 1276 2746 omnis
1296 2677 1396 2746 homo
1415 2700 1541 2768 semper
1563 2673 1605 2740 ad
1625 2673 1785 2742 honorem
1804 2683 1956 2748 creatoris
1975 2661 1984 2730 ,⁸

330 2777 332 2782 ’
378 2775 427 2839 sui
449 2775 544 2842 saciat
565 2779 664 2861 boni,
696 2783 786 2872 quod
803 2802 928 2874 potest,
957 2784 1058 2852 verbo
1082 2800 1114 2850 et
1137 2805 1236 2875 opere
1259 2779 1407 2847 hilariter
1425 2803 1673 2871 usquequaque3
1717 2783 1840 2845 &tunc
1861 2785 1956 2851 nobis

379 2882 446 2962 ejus
470 2881 692 2947 misericordia
712 2888 925 2976 praeparatior
948 2889 1020 2953 erit.
1090 2885 1140 2953 Sit
1162 2910 1283 2954 nomen
1305 2891 1372 2972 ejus
1394 2882 1599 2952 benedictum
1621 2883 1657 2947 in
1674 2883 1771 2948 vtum
1794 2903 1953 2955 aeternam.

378 2983 422 3049 Et
441 2985 510 3050 laus
539 2985 587 3068 ei,
622 2987 725 3070 gloria
749 2993 777 3052 ἃ
799 2989 908 3058 honor
930 2992 1052 3082 pariter
1068 2991 1104 3058 in
1122 2990 1228 3061 secula
1249 2990 1443 3060 seculorum.
1466 2990 1553 3055 Deus
1574 2991 1777 3082 omnipotens
1795 2989 1953 3080 indulgeat
2034 3081 2042 3088 ¹

376 3089 471 3154 nobis
493 3091 660 3176 omnibus,
686 3099 768 3163 sicut
788 3096 818 3160 ei
841 3091 924 3166 velle
943 3097 993 3165 sit.

383 3303 611 3336 ιιι-ιὰ·-

412 3465 440 3534 a)
472 3468 565 3520 Dacus
584 3466 616 3520 B.

414 3565 444 3632 s)
474 3547 617 3634 'apostabit
633 3565 701 3625 D.B.

413 3665 444 3732 5)
479 3685 581 3730 waram
595 3667 628 3726 B.

412 3769 439 3830 l)
472 3768 627 3824 reddatbts
642 3787 745 3833 waram
763 3787 842 3827 suam
852 3771 885 3830 Β.

413 3871 440 3932 5)
473 3877 554 3928 Hune
569 3876 712 3948 epilogum,
729 3879 777 3947 qni
789 3877 819 3928 t'n
835 3878 896 3933 Cod.
909 3876 1061 3932 colueram
1077 3879 1103 3932 δε
1115 3879 1341 3948 mjdestduarur,
1359 3877 1550 3947 exscripsimus
1556 3895 1589 3930 ss
1597 3879 1647 3944 B.,
1666 3896 1728 3932 eum
1744 3899 1796 3952 quc
1808 3882 1887 3937 haud
1899 3885 1949 3937 dm

510 3977 553 4029 bis
562 3981 684 4032 convenit
692 3979 753 4036 cod.
761 3981 808 4044 1),
825 3997 907 4050 quum
917 3981 1092 4042 Thorkslinus
1100 3982 1293 4050 obssmosrs't,
1307 3979 1443 4052 epilogum
1450 3979 1516 4052 fers
1523 3986 1707 4048 enadsmssse,
1720 4001 1802 4056 quam
1817 3987 1865 4058 qui
1872 3989 1949 4056 apud

510 4079 687 4134 Wittimiun
709 4074 855 4145 invenitur.
